%YAML 1.1
%TAG !u! tag:unity3d.com,2011:
--- !u!29 &1
OcclusionCullingSettings:
  m_ObjectHideFlags: 0
  serializedVersion: 2
  m_OcclusionBakeSettings:
    smallestOccluder: 5
    smallestHole: 0.25
    backfaceThreshold: 100
  m_SceneGUID: 00000000000000000000000000000000
  m_OcclusionCullingData: {fileID: 0}
--- !u!104 &2
RenderSettings:
  m_ObjectHideFlags: 0
  serializedVersion: 9
  m_Fog: 0
  m_FogColor: {r: 0.5, g: 0.5, b: 0.5, a: 1}
  m_FogMode: 3
  m_FogDensity: 0.01
  m_LinearFogStart: 0
  m_LinearFogEnd: 300
  m_AmbientSkyColor: {r: 0.212, g: 0.227, b: 0.259, a: 1}
  m_AmbientEquatorColor: {r: 0.114, g: 0.125, b: 0.133, a: 1}
  m_AmbientGroundColor: {r: 0.047, g: 0.043, b: 0.035, a: 1}
  m_AmbientIntensity: 1
  m_AmbientMode: 0
  m_SubtractiveShadowColor: {r: 0.42, g: 0.478, b: 0.627, a: 1}
  m_SkyboxMaterial: {fileID: 10304, guid: 0000000000000000f000000000000000, type: 0}
  m_HaloStrength: 0.5
  m_FlareStrength: 1
  m_FlareFadeSpeed: 3
  m_HaloTexture: {fileID: 0}
  m_SpotCookie: {fileID: 10001, guid: 0000000000000000e000000000000000, type: 0}
  m_DefaultReflectionMode: 0
  m_DefaultReflectionResolution: 128
  m_ReflectionBounces: 1
  m_ReflectionIntensity: 1
  m_CustomReflection: {fileID: 0}
  m_Sun: {fileID: 0}
  m_IndirectSpecularColor: {r: 0.44657898, g: 0.4964133, b: 0.5748178, a: 1}
  m_UseRadianceAmbientProbe: 0
--- !u!157 &3
LightmapSettings:
  m_ObjectHideFlags: 0
  serializedVersion: 11
  m_GIWorkflowMode: 0
  m_GISettings:
    serializedVersion: 2
    m_BounceScale: 1
    m_IndirectOutputScale: 1
    m_AlbedoBoost: 1
    m_TemporalCoherenceThreshold: 1
    m_EnvironmentLightingMode: 0
    m_EnableBakedLightmaps: 1
    m_EnableRealtimeLightmaps: 1
  m_LightmapEditorSettings:
    serializedVersion: 10
    m_Resolution: 2
    m_BakeResolution: 40
    m_AtlasSize: 1024
    m_AO: 0
    m_AOMaxDistance: 1
    m_CompAOExponent: 1
    m_CompAOExponentDirect: 0
    m_Padding: 2
    m_LightmapParameters: {fileID: 0}
    m_LightmapsBakeMode: 1
    m_TextureCompression: 1
    m_FinalGather: 0
    m_FinalGatherFiltering: 1
    m_FinalGatherRayCount: 256
    m_ReflectionCompression: 2
    m_MixedBakeMode: 2
    m_BakeBackend: 0
    m_PVRSampling: 1
    m_PVRDirectSampleCount: 32
    m_PVRSampleCount: 500
    m_PVRBounces: 2
    m_PVRFilterTypeDirect: 0
    m_PVRFilterTypeIndirect: 0
    m_PVRFilterTypeAO: 0
    m_PVRFilteringMode: 1
    m_PVRCulling: 1
    m_PVRFilteringGaussRadiusDirect: 1
    m_PVRFilteringGaussRadiusIndirect: 5
    m_PVRFilteringGaussRadiusAO: 2
    m_PVRFilteringAtrousPositionSigmaDirect: 0.5
    m_PVRFilteringAtrousPositionSigmaIndirect: 2
    m_PVRFilteringAtrousPositionSigmaAO: 1
    m_ShowResolutionOverlay: 1
  m_LightingDataAsset: {fileID: 0}
  m_UseShadowmask: 1
--- !u!196 &4
NavMeshSettings:
  serializedVersion: 2
  m_ObjectHideFlags: 0
  m_BuildSettings:
    serializedVersion: 2
    agentTypeID: 0
    agentRadius: 0.5
    agentHeight: 2
    agentSlope: 45
    agentClimb: 0.4
    ledgeDropHeight: 0
    maxJumpAcrossDistance: 0
    minRegionArea: 2
    manualCellSize: 0
    cellSize: 0.16666667
    manualTileSize: 0
    tileSize: 256
    accuratePlacement: 0
    debug:
      m_Flags: 0
  m_NavMeshData: {fileID: 0}
--- !u!1 &5933768
GameObject:
  m_ObjectHideFlags: 0
  m_CorrespondingSourceObject: {fileID: 100096, guid: 320b1c2af77554f99a1658df4a6d3d5c,
    type: 3}
  m_PrefabInternal: {fileID: 1796776788}
  serializedVersion: 6
  m_Component:
  - component: {fileID: 5933770}
  - component: {fileID: 5933769}
  m_Layer: 0
  m_Name: Robot Kyle
  m_TagString: Untagged
  m_Icon: {fileID: 0}
  m_NavMeshLayer: 0
  m_StaticEditorFlags: 0
  m_IsActive: 1
--- !u!111 &5933769
Animation:
  m_ObjectHideFlags: 0
  m_CorrespondingSourceObject: {fileID: 11100000, guid: 320b1c2af77554f99a1658df4a6d3d5c,
    type: 3}
  m_PrefabInternal: {fileID: 1796776788}
  m_GameObject: {fileID: 5933768}
  m_Enabled: 1
  serializedVersion: 3
  m_Animation: {fileID: 0}
  m_Animations: []
  m_WrapMode: 0
  m_PlayAutomatically: 1
  m_AnimatePhysics: 0
  m_CullingType: 1
--- !u!4 &5933770
Transform:
  m_ObjectHideFlags: 0
  m_CorrespondingSourceObject: {fileID: 400096, guid: 320b1c2af77554f99a1658df4a6d3d5c,
    type: 3}
  m_PrefabInternal: {fileID: 1796776788}
  m_GameObject: {fileID: 5933768}
  m_LocalRotation: {x: 0, y: 0, z: 0, w: 1}
  m_LocalPosition: {x: 1.983861, y: -0.008767128, z: -1.6232386}
  m_LocalScale: {x: 1, y: 1, z: 1}
  m_Children:
  - {fileID: 371203590}
  - {fileID: 1195399199}
  m_Father: {fileID: 0}
  m_RootOrder: 1
  m_LocalEulerAnglesHint: {x: 0, y: 0, z: 0}
--- !u!1 &33477845
GameObject:
  m_ObjectHideFlags: 0
  m_CorrespondingSourceObject: {fileID: 100068, guid: 320b1c2af77554f99a1658df4a6d3d5c,
    type: 3}
  m_PrefabInternal: {fileID: 1796776788}
  serializedVersion: 6
  m_Component:
  - component: {fileID: 33477846}
  m_Layer: 0
  m_Name: Right_Middle_Finger_Joint_01c
  m_TagString: Untagged
  m_Icon: {fileID: 0}
  m_NavMeshLayer: 0
  m_StaticEditorFlags: 0
  m_IsActive: 1
--- !u!4 &33477846
Transform:
  m_ObjectHideFlags: 0
  m_CorrespondingSourceObject: {fileID: 400068, guid: 320b1c2af77554f99a1658df4a6d3d5c,
    type: 3}
  m_PrefabInternal: {fileID: 1796776788}
  m_GameObject: {fileID: 33477845}
  m_LocalRotation: {x: -0.010956354, y: -0.00023076385, z: -0.021056168, w: 0.99971825}
  m_LocalPosition: {x: 0.024932733, y: -0.00000037860835, z: 0.000000067108736}
  m_LocalScale: {x: 1, y: 1, z: 1}
  m_Children: []
  m_Father: {fileID: 844781526}
  m_RootOrder: 0
  m_LocalEulerAnglesHint: {x: 0, y: 0, z: 0}
--- !u!1 &75361108
GameObject:
  m_ObjectHideFlags: 0
  m_CorrespondingSourceObject: {fileID: 100088, guid: 320b1c2af77554f99a1658df4a6d3d5c,
    type: 3}
  m_PrefabInternal: {fileID: 1796776788}
  serializedVersion: 6
  m_Component:
  - component: {fileID: 75361109}
  m_Layer: 0
  m_Name: Right_Thumb_Joint_01b
  m_TagString: Untagged
  m_Icon: {fileID: 0}
  m_NavMeshLayer: 0
  m_StaticEditorFlags: 0
  m_IsActive: 1
--- !u!4 &75361109
Transform:
  m_ObjectHideFlags: 0
  m_CorrespondingSourceObject: {fileID: 400088, guid: 320b1c2af77554f99a1658df4a6d3d5c,
    type: 3}
  m_PrefabInternal: {fileID: 1796776788}
  m_GameObject: {fileID: 75361108}
  m_LocalRotation: {x: 0.12274438, y: -0.08501493, z: 0.3184496, w: 0.9361069}
  m_LocalPosition: {x: 0.028778402, y: 0.0016480286, z: 0.0024040877}
  m_LocalScale: {x: 1, y: 1, z: 1}
  m_Children: []
  m_Father: {fileID: 994639214}
  m_RootOrder: 0
  m_LocalEulerAnglesHint: {x: 0, y: 0, z: 0}
--- !u!1 &98182781
GameObject:
  m_ObjectHideFlags: 0
  m_CorrespondingSourceObject: {fileID: 0}
  m_PrefabInternal: {fileID: 0}
  serializedVersion: 6
  m_Component:
  - component: {fileID: 98182786}
  - component: {fileID: 98182785}
  - component: {fileID: 98182784}
  - component: {fileID: 98182783}
  - component: {fileID: 98182782}
  m_Layer: 0
  m_Name: Main Camera
  m_TagString: MainCamera
  m_Icon: {fileID: 0}
  m_NavMeshLayer: 0
  m_StaticEditorFlags: 0
  m_IsActive: 1
--- !u!81 &98182782
AudioListener:
  m_ObjectHideFlags: 0
  m_CorrespondingSourceObject: {fileID: 0}
  m_PrefabInternal: {fileID: 0}
  m_GameObject: {fileID: 98182781}
  m_Enabled: 1
--- !u!124 &98182783
Behaviour:
  m_ObjectHideFlags: 0
  m_CorrespondingSourceObject: {fileID: 0}
  m_PrefabInternal: {fileID: 0}
  m_GameObject: {fileID: 98182781}
  m_Enabled: 1
--- !u!92 &98182784
Behaviour:
  m_ObjectHideFlags: 0
  m_CorrespondingSourceObject: {fileID: 0}
  m_PrefabInternal: {fileID: 0}
  m_GameObject: {fileID: 98182781}
  m_Enabled: 1
--- !u!20 &98182785
Camera:
  m_ObjectHideFlags: 0
  m_CorrespondingSourceObject: {fileID: 0}
  m_PrefabInternal: {fileID: 0}
  m_GameObject: {fileID: 98182781}
  m_Enabled: 1
  serializedVersion: 2
  m_ClearFlags: 1
  m_BackGroundColor: {r: 0.19215687, g: 0.3019608, b: 0.4745098, a: 0}
  m_projectionMatrixMode: 1
  m_SensorSize: {x: 36, y: 24}
  m_LensShift: {x: 0, y: 0}
  m_FocalLength: 50
  m_NormalizedViewPortRect:
    serializedVersion: 2
    x: 0
    y: 0
    width: 1
    height: 1
  near clip plane: 0.3
  far clip plane: 1000
  field of view: 60
  orthographic: 0
  orthographic size: 5
  m_Depth: -1
  m_CullingMask:
    serializedVersion: 2
    m_Bits: 4294967295
  m_RenderingPath: -1
  m_TargetTexture: {fileID: 0}
  m_TargetDisplay: 0
  m_TargetEye: 3
  m_HDR: 1
  m_AllowMSAA: 1
  m_AllowDynamicResolution: 0
  m_ForceIntoRT: 0
  m_OcclusionCulling: 1
  m_StereoConvergence: 10
  m_StereoSeparation: 0.022
--- !u!4 &98182786
Transform:
  m_ObjectHideFlags: 0
  m_CorrespondingSourceObject: {fileID: 0}
  m_PrefabInternal: {fileID: 0}
  m_GameObject: {fileID: 98182781}
  m_LocalRotation: {x: 0, y: 1, z: 0, w: 0}
  m_LocalPosition: {x: 1.99, y: 1, z: 1.66}
  m_LocalScale: {x: 1, y: 1, z: 1}
  m_Children: []
  m_Father: {fileID: 0}
  m_RootOrder: 0
  m_LocalEulerAnglesHint: {x: 0, y: 180, z: 0}
--- !u!1 &157859748
GameObject:
  m_ObjectHideFlags: 0
  m_CorrespondingSourceObject: {fileID: 100072, guid: 320b1c2af77554f99a1658df4a6d3d5c,
    type: 3}
  m_PrefabInternal: {fileID: 1796776788}
  serializedVersion: 6
  m_Component:
  - component: {fileID: 157859749}
  m_Layer: 0
  m_Name: Right_Pinky_Finger_Joint_01b
  m_TagString: Untagged
  m_Icon: {fileID: 0}
  m_NavMeshLayer: 0
  m_StaticEditorFlags: 0
  m_IsActive: 1
--- !u!4 &157859749
Transform:
  m_ObjectHideFlags: 0
  m_CorrespondingSourceObject: {fileID: 400072, guid: 320b1c2af77554f99a1658df4a6d3d5c,
    type: 3}
  m_PrefabInternal: {fileID: 1796776788}
  m_GameObject: {fileID: 157859748}
  m_LocalRotation: {x: 0.0009738356, y: 0.00064097386, z: 0.014862133, w: 0.9998889}
  m_LocalPosition: {x: 0.030516144, y: -0.0000000478116, z: 0.000000060660284}
  m_LocalScale: {x: 1, y: 1, z: 1}
  m_Children:
  - {fileID: 628280492}
  m_Father: {fileID: 930002208}
  m_RootOrder: 0
  m_LocalEulerAnglesHint: {x: 0, y: 0, z: 0}
--- !u!1 &172419527
GameObject:
  m_ObjectHideFlags: 0
  m_CorrespondingSourceObject: {fileID: 0}
  m_PrefabInternal: {fileID: 0}
  serializedVersion: 6
  m_Component:
  - component: {fileID: 172419531}
  - component: {fileID: 172419530}
  - component: {fileID: 172419529}
  - component: {fileID: 172419528}
  m_Layer: 0
  m_Name: Plane
  m_TagString: Untagged
  m_Icon: {fileID: 0}
  m_NavMeshLayer: 0
  m_StaticEditorFlags: 0
  m_IsActive: 1
--- !u!23 &172419528
MeshRenderer:
  m_ObjectHideFlags: 0
  m_CorrespondingSourceObject: {fileID: 0}
  m_PrefabInternal: {fileID: 0}
  m_GameObject: {fileID: 172419527}
  m_Enabled: 1
  m_CastShadows: 1
  m_ReceiveShadows: 1
  m_DynamicOccludee: 1
  m_MotionVectors: 1
  m_LightProbeUsage: 1
  m_ReflectionProbeUsage: 1
  m_RenderingLayerMask: 4294967295
  m_Materials:
  - {fileID: 2100000, guid: c06bec2bbaeee9d45a73be4c60965d63, type: 2}
  m_StaticBatchInfo:
    firstSubMesh: 0
    subMeshCount: 0
  m_StaticBatchRoot: {fileID: 0}
  m_ProbeAnchor: {fileID: 0}
  m_LightProbeVolumeOverride: {fileID: 0}
  m_ScaleInLightmap: 1
  m_PreserveUVs: 1
  m_IgnoreNormalsForChartDetection: 0
  m_ImportantGI: 0
  m_StitchLightmapSeams: 0
  m_SelectedEditorRenderState: 3
  m_MinimumChartSize: 4
  m_AutoUVMaxDistance: 0.5
  m_AutoUVMaxAngle: 89
  m_LightmapParameters: {fileID: 0}
  m_SortingLayerID: 0
  m_SortingLayer: 0
  m_SortingOrder: 0
--- !u!64 &172419529
MeshCollider:
  m_ObjectHideFlags: 0
  m_CorrespondingSourceObject: {fileID: 0}
  m_PrefabInternal: {fileID: 0}
  m_GameObject: {fileID: 172419527}
  m_Material: {fileID: 0}
  m_IsTrigger: 0
  m_Enabled: 1
  serializedVersion: 3
  m_Convex: 0
  m_CookingOptions: 14
  m_SkinWidth: 0.01
  m_Mesh: {fileID: 10209, guid: 0000000000000000e000000000000000, type: 0}
--- !u!33 &172419530
MeshFilter:
  m_ObjectHideFlags: 0
  m_CorrespondingSourceObject: {fileID: 0}
  m_PrefabInternal: {fileID: 0}
  m_GameObject: {fileID: 172419527}
  m_Mesh: {fileID: 10209, guid: 0000000000000000e000000000000000, type: 0}
--- !u!4 &172419531
Transform:
  m_ObjectHideFlags: 0
  m_CorrespondingSourceObject: {fileID: 0}
  m_PrefabInternal: {fileID: 0}
  m_GameObject: {fileID: 172419527}
  m_LocalRotation: {x: 0, y: 0, z: 0, w: 1}
  m_LocalPosition: {x: 0, y: 0, z: 0}
  m_LocalScale: {x: 1, y: 1, z: 1}
  m_Children: []
  m_Father: {fileID: 0}
  m_RootOrder: 3
  m_LocalEulerAnglesHint: {x: 0, y: 0, z: 0}
--- !u!1 &222051181
GameObject:
  m_ObjectHideFlags: 0
  m_CorrespondingSourceObject: {fileID: 100040, guid: 320b1c2af77554f99a1658df4a6d3d5c,
    type: 3}
  m_PrefabInternal: {fileID: 1796776788}
  serializedVersion: 6
  m_Component:
  - component: {fileID: 222051182}
  m_Layer: 0
  m_Name: Left_Thumb_Joint_01b
  m_TagString: Untagged
  m_Icon: {fileID: 0}
  m_NavMeshLayer: 0
  m_StaticEditorFlags: 0
  m_IsActive: 1
--- !u!4 &222051182
Transform:
  m_ObjectHideFlags: 0
  m_CorrespondingSourceObject: {fileID: 400040, guid: 320b1c2af77554f99a1658df4a6d3d5c,
    type: 3}
  m_PrefabInternal: {fileID: 1796776788}
  m_GameObject: {fileID: 222051181}
  m_LocalRotation: {x: -0.42036253, y: -0.37180415, z: 0.08352769, w: 0.8234563}
  m_LocalPosition: {x: -0.028778248, y: -0.0016480584, z: -0.002403863}
  m_LocalScale: {x: 1, y: 1, z: 1}
  m_Children: []
  m_Father: {fileID: 1893752175}
  m_RootOrder: 0
  m_LocalEulerAnglesHint: {x: 0, y: 0, z: 0}
--- !u!1 &296506495
GameObject:
  m_ObjectHideFlags: 0
  m_CorrespondingSourceObject: {fileID: 100024, guid: 320b1c2af77554f99a1658df4a6d3d5c,
    type: 3}
  m_PrefabInternal: {fileID: 1796776788}
  serializedVersion: 6
  m_Component:
  - component: {fileID: 296506496}
  m_Layer: 0
  m_Name: Left_Pinky_Finger_Joint_01b
  m_TagString: Untagged
  m_Icon: {fileID: 0}
  m_NavMeshLayer: 0
  m_StaticEditorFlags: 0
  m_IsActive: 1
--- !u!4 &296506496
Transform:
  m_ObjectHideFlags: 0
  m_CorrespondingSourceObject: {fileID: 400024, guid: 320b1c2af77554f99a1658df4a6d3d5c,
    type: 3}
  m_PrefabInternal: {fileID: 1796776788}
  m_GameObject: {fileID: 296506495}
  m_LocalRotation: {x: 0.0009738356, y: 0.00064097386, z: 0.014862133, w: 0.9998889}
  m_LocalPosition: {x: -0.030515512, y: -3.1502578e-17, z: 2.4720094e-18}
  m_LocalScale: {x: 1, y: 1, z: 1}
  m_Children:
  - {fileID: 1150373361}
  m_Father: {fileID: 1436260325}
  m_RootOrder: 0
  m_LocalEulerAnglesHint: {x: 0, y: 0, z: 0}
--- !u!1 &334035945
GameObject:
  m_ObjectHideFlags: 0
  m_CorrespondingSourceObject: {fileID: 100014, guid: 320b1c2af77554f99a1658df4a6d3d5c,
    type: 3}
  m_PrefabInternal: {fileID: 1796776788}
  serializedVersion: 6
  m_Component:
  - component: {fileID: 334035946}
  - component: {fileID: 334035948}
  - component: {fileID: 334035947}
  - component: {fileID: 334035949}
  m_Layer: 0
  m_Name: Left_Knee_Joint_01
  m_TagString: Untagged
  m_Icon: {fileID: 0}
  m_NavMeshLayer: 0
  m_StaticEditorFlags: 0
  m_IsActive: 1
--- !u!4 &334035946
Transform:
  m_ObjectHideFlags: 0
  m_CorrespondingSourceObject: {fileID: 400014, guid: 320b1c2af77554f99a1658df4a6d3d5c,
    type: 3}
  m_PrefabInternal: {fileID: 1796776788}
  m_GameObject: {fileID: 334035945}
  m_LocalRotation: {x: 4.4401062e-16, y: 8.354493e-18, z: 0.018812645, w: 0.99982303}
  m_LocalPosition: {x: -0.3717338, y: -0.0019966115, z: 0.07303617}
  m_LocalScale: {x: 1, y: 1, z: 1}
  m_Children:
  - {fileID: 1721750890}
  m_Father: {fileID: 539025100}
  m_RootOrder: 0
  m_LocalEulerAnglesHint: {x: 0, y: 0, z: 0}
--- !u!144 &334035947
CharacterJoint:
  m_ObjectHideFlags: 0
  m_CorrespondingSourceObject: {fileID: 0}
  m_PrefabInternal: {fileID: 0}
  m_GameObject: {fileID: 334035945}
  m_ConnectedBody: {fileID: 539025101}
  m_Anchor: {x: 0, y: 0, z: 0}
  m_Axis: {x: 0, y: 0, z: -1}
  m_AutoConfigureConnectedAnchor: 1
  m_ConnectedAnchor: {x: -0.37173393, y: -0.001996562, z: 0.07303626}
  serializedVersion: 2
  m_SwingAxis: {x: 0, y: -1, z: 0}
  m_TwistLimitSpring:
    spring: 0
    damper: 0
  m_LowTwistLimit:
    limit: -80
    bounciness: 0
    contactDistance: 0
  m_HighTwistLimit:
    limit: 0
    bounciness: 0
    contactDistance: 0
  m_SwingLimitSpring:
    spring: 0
    damper: 0
  m_Swing1Limit:
    limit: 0
    bounciness: 0
    contactDistance: 0
  m_Swing2Limit:
    limit: 0
    bounciness: 0
    contactDistance: 0
  m_EnableProjection: 0
  m_ProjectionDistance: 0.1
  m_ProjectionAngle: 180
  m_BreakForce: Infinity
  m_BreakTorque: Infinity
  m_EnableCollision: 0
  m_EnablePreprocessing: 0
  m_MassScale: 1
  m_ConnectedMassScale: 1
--- !u!54 &334035948
Rigidbody:
  m_ObjectHideFlags: 0
  m_CorrespondingSourceObject: {fileID: 0}
  m_PrefabInternal: {fileID: 0}
  m_GameObject: {fileID: 334035945}
  serializedVersion: 2
  m_Mass: 1.875
  m_Drag: 0
  m_AngularDrag: 0.05
  m_UseGravity: 1
  m_IsKinematic: 0
  m_Interpolate: 0
  m_Constraints: 0
  m_CollisionDetection: 0
--- !u!136 &334035949
CapsuleCollider:
  m_ObjectHideFlags: 0
  m_CorrespondingSourceObject: {fileID: 0}
  m_PrefabInternal: {fileID: 0}
  m_GameObject: {fileID: 334035945}
  m_Material: {fileID: 0}
  m_IsTrigger: 0
  m_Enabled: 1
  m_Radius: 0.12613286
  m_Height: 0.50453144
  m_Direction: 0
  m_Center: {x: -0.25226572, y: 0, z: 0}
--- !u!1 &336370299
GameObject:
  m_ObjectHideFlags: 0
  m_CorrespondingSourceObject: {fileID: 100012, guid: 320b1c2af77554f99a1658df4a6d3d5c,
    type: 3}
  m_PrefabInternal: {fileID: 1796776788}
  serializedVersion: 6
  m_Component:
  - component: {fileID: 336370300}
  m_Layer: 0
  m_Name: Left_Index_Finger_Joint_01c
  m_TagString: Untagged
  m_Icon: {fileID: 0}
  m_NavMeshLayer: 0
  m_StaticEditorFlags: 0
  m_IsActive: 1
--- !u!4 &336370300
Transform:
  m_ObjectHideFlags: 0
  m_CorrespondingSourceObject: {fileID: 400012, guid: 320b1c2af77554f99a1658df4a6d3d5c,
    type: 3}
  m_PrefabInternal: {fileID: 1796776788}
  m_GameObject: {fileID: 336370299}
  m_LocalRotation: {x: -0.011016605, y: -0.0002521592, z: -0.022881629, w: 0.9996775}
  m_LocalPosition: {x: -0.02294514, y: -3.190986e-16, z: 9.775166e-18}
  m_LocalScale: {x: 1, y: 1, z: 1}
  m_Children: []
  m_Father: {fileID: 1487981566}
  m_RootOrder: 0
  m_LocalEulerAnglesHint: {x: 0, y: 0, z: 0}
--- !u!1 &371203589
GameObject:
  m_ObjectHideFlags: 0
  m_CorrespondingSourceObject: {fileID: 100098, guid: 320b1c2af77554f99a1658df4a6d3d5c,
    type: 3}
  m_PrefabInternal: {fileID: 1796776788}
  serializedVersion: 6
  m_Component:
  - component: {fileID: 371203590}
  - component: {fileID: 371203591}
  m_Layer: 0
  m_Name: Robot2
  m_TagString: Untagged
  m_Icon: {fileID: 0}
  m_NavMeshLayer: 0
  m_StaticEditorFlags: 0
  m_IsActive: 1
--- !u!4 &371203590
Transform:
  m_ObjectHideFlags: 0
  m_CorrespondingSourceObject: {fileID: 400098, guid: 320b1c2af77554f99a1658df4a6d3d5c,
    type: 3}
  m_PrefabInternal: {fileID: 1796776788}
  m_GameObject: {fileID: 371203589}
  m_LocalRotation: {x: 0, y: -0, z: -0, w: 1}
  m_LocalPosition: {x: -0, y: 0, z: 0}
  m_LocalScale: {x: 1, y: 1, z: 1}
  m_Children: []
  m_Father: {fileID: 5933770}
  m_RootOrder: 0
  m_LocalEulerAnglesHint: {x: 0, y: 0, z: 0}
--- !u!137 &371203591
SkinnedMeshRenderer:
  m_ObjectHideFlags: 0
  m_CorrespondingSourceObject: {fileID: 13700000, guid: 320b1c2af77554f99a1658df4a6d3d5c,
    type: 3}
  m_PrefabInternal: {fileID: 1796776788}
  m_GameObject: {fileID: 371203589}
  m_Enabled: 1
  m_CastShadows: 1
  m_ReceiveShadows: 1
  m_DynamicOccludee: 1
  m_MotionVectors: 1
  m_LightProbeUsage: 1
  m_ReflectionProbeUsage: 1
  m_RenderingLayerMask: 4294967295
  m_Materials:
  - {fileID: 2100000, guid: 0aa851515cd3747d6b3b3e461199a2ed, type: 2}
  m_StaticBatchInfo:
    firstSubMesh: 0
    subMeshCount: 0
  m_StaticBatchRoot: {fileID: 0}
  m_ProbeAnchor: {fileID: 0}
  m_LightProbeVolumeOverride: {fileID: 0}
  m_ScaleInLightmap: 1
  m_PreserveUVs: 0
  m_IgnoreNormalsForChartDetection: 0
  m_ImportantGI: 0
  m_StitchLightmapSeams: 0
  m_SelectedEditorRenderState: 3
  m_MinimumChartSize: 4
  m_AutoUVMaxDistance: 0.5
  m_AutoUVMaxAngle: 89
  m_LightmapParameters: {fileID: 0}
  m_SortingLayerID: 0
  m_SortingLayer: 0
  m_SortingOrder: 0
  serializedVersion: 2
  m_Quality: 0
  m_UpdateWhenOffscreen: 0
  m_SkinnedMotionVectors: 1
  m_Mesh: {fileID: 4300000, guid: 320b1c2af77554f99a1658df4a6d3d5c, type: 3}
  m_Bones:
  - {fileID: 1235202463}
  - {fileID: 1101925248}
  - {fileID: 791014578}
  - {fileID: 1040559497}
  - {fileID: 1208378715}
  - {fileID: 1234748134}
  - {fileID: 1319778661}
  - {fileID: 1539976700}
  - {fileID: 1487981566}
  - {fileID: 336370300}
  - {fileID: 488704653}
  - {fileID: 1860023429}
  - {fileID: 552436645}
  - {fileID: 912817535}
  - {fileID: 1516487181}
  - {fileID: 1797773797}
  - {fileID: 1436260325}
  - {fileID: 296506496}
  - {fileID: 1150373361}
  - {fileID: 1893752175}
  - {fileID: 222051182}
  - {fileID: 1307231953}
  - {fileID: 1453670601}
  - {fileID: 1546132849}
  - {fileID: 1335252707}
  - {fileID: 732757586}
  - {fileID: 1260977183}
  - {fileID: 1015537448}
  - {fileID: 2122533798}
  - {fileID: 844781526}
  - {fileID: 33477846}
  - {fileID: 1496179063}
  - {fileID: 845257510}
  - {fileID: 1715028449}
  - {fileID: 930002208}
  - {fileID: 157859749}
  - {fileID: 628280492}
  - {fileID: 994639214}
  - {fileID: 75361109}
  - {fileID: 635183099}
  - {fileID: 539025100}
  - {fileID: 334035946}
  - {fileID: 1721750890}
  - {fileID: 1977962417}
  - {fileID: 1767588868}
  - {fileID: 1568415092}
  - {fileID: 1788553887}
  - {fileID: 1614046871}
  m_BlendShapeWeights: []
  m_RootBone: {fileID: 1235202463}
  m_AABB:
    m_Center: {x: 0.27024603, y: -0.041899905, z: -0.000000059604645}
    m_Extent: {x: 0.95254505, y: 0.23127724, z: 0.6514181}
  m_DirtyAABB: 0
--- !u!1 &488704652
GameObject:
  m_ObjectHideFlags: 0
  m_CorrespondingSourceObject: {fileID: 100016, guid: 320b1c2af77554f99a1658df4a6d3d5c,
    type: 3}
  m_PrefabInternal: {fileID: 1796776788}
  serializedVersion: 6
  m_Component:
  - component: {fileID: 488704653}
  m_Layer: 0
  m_Name: Left_Middle_Finger_Joint_01a
  m_TagString: Untagged
  m_Icon: {fileID: 0}
  m_NavMeshLayer: 0
  m_StaticEditorFlags: 0
  m_IsActive: 1
--- !u!4 &488704653
Transform:
  m_ObjectHideFlags: 0
  m_CorrespondingSourceObject: {fileID: 400016, guid: 320b1c2af77554f99a1658df4a6d3d5c,
    type: 3}
  m_PrefabInternal: {fileID: 1796776788}
  m_GameObject: {fileID: 488704652}
  m_LocalRotation: {x: 0.010313046, y: -0.00011086465, z: 0.0107487505, w: 0.9998891}
  m_LocalPosition: {x: -0.071809866, y: 0.012475326, z: 0.005054819}
  m_LocalScale: {x: 1, y: 1, z: 1}
  m_Children:
  - {fileID: 1860023429}
  m_Father: {fileID: 1319778661}
  m_RootOrder: 1
  m_LocalEulerAnglesHint: {x: 0, y: 0, z: 0}
--- !u!1 &539025099
GameObject:
  m_ObjectHideFlags: 0
  m_CorrespondingSourceObject: {fileID: 100036, guid: 320b1c2af77554f99a1658df4a6d3d5c,
    type: 3}
  m_PrefabInternal: {fileID: 1796776788}
  serializedVersion: 6
  m_Component:
  - component: {fileID: 539025100}
  - component: {fileID: 539025101}
  - component: {fileID: 539025102}
  - component: {fileID: 539025103}
  m_Layer: 0
  m_Name: Left_Thigh_Joint_01
  m_TagString: Untagged
  m_Icon: {fileID: 0}
  m_NavMeshLayer: 0
  m_StaticEditorFlags: 0
  m_IsActive: 1
--- !u!4 &539025100
Transform:
  m_ObjectHideFlags: 0
  m_CorrespondingSourceObject: {fileID: 400036, guid: 320b1c2af77554f99a1658df4a6d3d5c,
    type: 3}
  m_PrefabInternal: {fileID: 1796776788}
  m_GameObject: {fileID: 539025099}
  m_LocalRotation: {x: 0.9957005, y: 0.09263137, z: 6.7376925e-17, w: 7.2423885e-16}
  m_LocalPosition: {x: -0.12213361, y: 0.011331997, z: -0.068905555}
  m_LocalScale: {x: 1, y: 1, z: 1}
  m_Children:
  - {fileID: 334035946}
  m_Father: {fileID: 635183099}
  m_RootOrder: 0
  m_LocalEulerAnglesHint: {x: 0, y: 0, z: 0}
--- !u!54 &539025101
Rigidbody:
  m_ObjectHideFlags: 0
  m_CorrespondingSourceObject: {fileID: 0}
  m_PrefabInternal: {fileID: 0}
  m_GameObject: {fileID: 539025099}
  serializedVersion: 2
  m_Mass: 1.875
  m_Drag: 0
  m_AngularDrag: 0.05
  m_UseGravity: 1
  m_IsKinematic: 0
  m_Interpolate: 0
  m_Constraints: 0
  m_CollisionDetection: 0
--- !u!144 &539025102
CharacterJoint:
  m_ObjectHideFlags: 0
  m_CorrespondingSourceObject: {fileID: 0}
  m_PrefabInternal: {fileID: 0}
  m_GameObject: {fileID: 539025099}
  m_ConnectedBody: {fileID: 1195399200}
  m_Anchor: {x: 0, y: 0, z: 0}
  m_Axis: {x: 0, y: 0, z: -1}
  m_AutoConfigureConnectedAnchor: 1
  m_ConnectedAnchor: {x: 0.15163249, y: -0.00050632656, z: 0.06890559}
  serializedVersion: 2
  m_SwingAxis: {x: 0, y: -1, z: 0}
  m_TwistLimitSpring:
    spring: 0
    damper: 0
  m_LowTwistLimit:
    limit: -20
    bounciness: 0
    contactDistance: 0
  m_HighTwistLimit:
    limit: 70
    bounciness: 0
    contactDistance: 0
  m_SwingLimitSpring:
    spring: 0
    damper: 0
  m_Swing1Limit:
    limit: 30
    bounciness: 0
    contactDistance: 0
  m_Swing2Limit:
    limit: 0
    bounciness: 0
    contactDistance: 0
  m_EnableProjection: 0
  m_ProjectionDistance: 0.1
  m_ProjectionAngle: 180
  m_BreakForce: Infinity
  m_BreakTorque: Infinity
  m_EnableCollision: 0
  m_EnablePreprocessing: 0
  m_MassScale: 1
  m_ConnectedMassScale: 1
--- !u!136 &539025103
CapsuleCollider:
  m_ObjectHideFlags: 0
  m_CorrespondingSourceObject: {fileID: 0}
  m_PrefabInternal: {fileID: 0}
  m_GameObject: {fileID: 539025099}
  m_Material: {fileID: 0}
  m_IsTrigger: 0
  m_Enabled: 1
  m_Radius: 0.111520186
  m_Height: 0.37173393
  m_Direction: 0
  m_Center: {x: -0.18586697, y: 0, z: 0}
--- !u!1 &552436644
GameObject:
  m_ObjectHideFlags: 0
  m_CorrespondingSourceObject: {fileID: 100020, guid: 320b1c2af77554f99a1658df4a6d3d5c,
    type: 3}
  m_PrefabInternal: {fileID: 1796776788}
  serializedVersion: 6
  m_Component:
  - component: {fileID: 552436645}
  m_Layer: 0
  m_Name: Left_Middle_Finger_Joint_01c
  m_TagString: Untagged
  m_Icon: {fileID: 0}
  m_NavMeshLayer: 0
  m_StaticEditorFlags: 0
  m_IsActive: 1
--- !u!4 &552436645
Transform:
  m_ObjectHideFlags: 0
  m_CorrespondingSourceObject: {fileID: 400020, guid: 320b1c2af77554f99a1658df4a6d3d5c,
    type: 3}
  m_PrefabInternal: {fileID: 1796776788}
  m_GameObject: {fileID: 552436644}
  m_LocalRotation: {x: -0.010956354, y: -0.00023076385, z: -0.021056168, w: 0.99971825}
  m_LocalPosition: {x: -0.024933377, y: 1.4801235e-16, z: -4.9960034e-18}
  m_LocalScale: {x: 1, y: 1, z: 1}
  m_Children: []
  m_Father: {fileID: 1860023429}
  m_RootOrder: 0
  m_LocalEulerAnglesHint: {x: 0, y: 0, z: 0}
--- !u!1 &628280491
GameObject:
  m_ObjectHideFlags: 0
  m_CorrespondingSourceObject: {fileID: 100074, guid: 320b1c2af77554f99a1658df4a6d3d5c,
    type: 3}
  m_PrefabInternal: {fileID: 1796776788}
  serializedVersion: 6
  m_Component:
  - component: {fileID: 628280492}
  m_Layer: 0
  m_Name: Right_Pinky_Finger_Joint_01c
  m_TagString: Untagged
  m_Icon: {fileID: 0}
  m_NavMeshLayer: 0
  m_StaticEditorFlags: 0
  m_IsActive: 1
--- !u!4 &628280492
Transform:
  m_ObjectHideFlags: 0
  m_CorrespondingSourceObject: {fileID: 400074, guid: 320b1c2af77554f99a1658df4a6d3d5c,
    type: 3}
  m_PrefabInternal: {fileID: 1796776788}
  m_GameObject: {fileID: 628280491}
  m_LocalRotation: {x: -0.011272594, y: -0.00034267167, z: -0.030382684, w: 0.9994747}
  m_LocalPosition: {x: 0.017282948, y: -0.00000019535615, z: 0.000000014650439}
  m_LocalScale: {x: 1, y: 1, z: 1}
  m_Children: []
  m_Father: {fileID: 157859749}
  m_RootOrder: 0
  m_LocalEulerAnglesHint: {x: 0, y: 0, z: 0}
--- !u!1 &635183098
GameObject:
  m_ObjectHideFlags: 0
  m_CorrespondingSourceObject: {fileID: 100002, guid: 320b1c2af77554f99a1658df4a6d3d5c,
    type: 3}
  m_PrefabInternal: {fileID: 1796776788}
  serializedVersion: 6
  m_Component:
  - component: {fileID: 635183099}
  m_Layer: 0
  m_Name: Hip
  m_TagString: Untagged
  m_Icon: {fileID: 0}
  m_NavMeshLayer: 0
  m_StaticEditorFlags: 0
  m_IsActive: 1
--- !u!4 &635183099
Transform:
  m_ObjectHideFlags: 0
  m_CorrespondingSourceObject: {fileID: 400002, guid: 320b1c2af77554f99a1658df4a6d3d5c,
    type: 3}
  m_PrefabInternal: {fileID: 1796776788}
  m_GameObject: {fileID: 635183098}
  m_LocalRotation: {x: 0.037740186, y: 0.9992876, z: 5.5119633e-17, w: 1.6300862e-16}
  m_LocalPosition: {x: 0.028992068, y: -0.0025938721, z: 1.22991095e-17}
  m_LocalScale: {x: 1, y: 1, z: 1}
  m_Children:
  - {fileID: 539025100}
  - {fileID: 1767588868}
  m_Father: {fileID: 1195399199}
  m_RootOrder: 0
  m_LocalEulerAnglesHint: {x: 0, y: 0, z: 0}
--- !u!1 &732757585
GameObject:
  m_ObjectHideFlags: 0
  m_CorrespondingSourceObject: {fileID: 100056, guid: 320b1c2af77554f99a1658df4a6d3d5c,
    type: 3}
  m_PrefabInternal: {fileID: 1796776788}
  serializedVersion: 6
  m_Component:
  - component: {fileID: 732757586}
  m_Layer: 0
  m_Name: Right_Index_Finger_Joint_01a
  m_TagString: Untagged
  m_Icon: {fileID: 0}
  m_NavMeshLayer: 0
  m_StaticEditorFlags: 0
  m_IsActive: 1
--- !u!4 &732757586
Transform:
  m_ObjectHideFlags: 0
  m_CorrespondingSourceObject: {fileID: 400056, guid: 320b1c2af77554f99a1658df4a6d3d5c,
    type: 3}
  m_PrefabInternal: {fileID: 1796776788}
  m_GameObject: {fileID: 732757585}
  m_LocalRotation: {x: 0.010504893, y: 0.00877969, z: 0.0017179537, w: 0.9999048}
  m_LocalPosition: {x: 0.06940201, y: -0.013847475, z: -0.026764035}
  m_LocalScale: {x: 1, y: 1, z: 1}
  m_Children:
  - {fileID: 1260977183}
  m_Father: {fileID: 1335252707}
  m_RootOrder: 0
  m_LocalEulerAnglesHint: {x: 0, y: 0, z: 0}
--- !u!1 &791014577
GameObject:
  m_ObjectHideFlags: 0
  m_CorrespondingSourceObject: {fileID: 100000, guid: 320b1c2af77554f99a1658df4a6d3d5c,
    type: 3}
  m_PrefabInternal: {fileID: 1796776788}
  serializedVersion: 6
  m_Component:
  - component: {fileID: 791014578}
  - component: {fileID: 791014580}
  - component: {fileID: 791014579}
  - component: {fileID: 791014581}
  m_Layer: 0
  m_Name: Head
  m_TagString: Untagged
  m_Icon: {fileID: 0}
  m_NavMeshLayer: 0
  m_StaticEditorFlags: 0
  m_IsActive: 1
--- !u!4 &791014578
Transform:
  m_ObjectHideFlags: 0
  m_CorrespondingSourceObject: {fileID: 400000, guid: 320b1c2af77554f99a1658df4a6d3d5c,
    type: 3}
  m_PrefabInternal: {fileID: 1796776788}
  m_GameObject: {fileID: 791014577}
  m_LocalRotation: {x: 0, y: -0, z: -0, w: 1}
  m_LocalPosition: {x: -0.079593115, y: 0, z: -2.0962138e-17}
  m_LocalScale: {x: 1, y: 1, z: 1}
  m_Children: []
  m_Father: {fileID: 1101925248}
  m_RootOrder: 0
  m_LocalEulerAnglesHint: {x: 0, y: 0, z: 0}
--- !u!144 &791014579
CharacterJoint:
  m_ObjectHideFlags: 0
  m_CorrespondingSourceObject: {fileID: 0}
  m_PrefabInternal: {fileID: 0}
  m_GameObject: {fileID: 791014577}
  m_ConnectedBody: {fileID: 1235202464}
  m_Anchor: {x: 0, y: 0, z: 0}
  m_Axis: {x: 0, y: 0, z: -1}
  m_AutoConfigureConnectedAnchor: 1
  m_ConnectedAnchor: {x: -0.47135222, y: 0.023795942, z: 9.82317e-18}
  serializedVersion: 2
  m_SwingAxis: {x: 0, y: 1, z: 0}
  m_TwistLimitSpring:
    spring: 0
    damper: 0
  m_LowTwistLimit:
    limit: -40
    bounciness: 0
    contactDistance: 0
  m_HighTwistLimit:
    limit: 25
    bounciness: 0
    contactDistance: 0
  m_SwingLimitSpring:
    spring: 0
    damper: 0
  m_Swing1Limit:
    limit: 25
    bounciness: 0
    contactDistance: 0
  m_Swing2Limit:
    limit: 0
    bounciness: 0
    contactDistance: 0
  m_EnableProjection: 0
  m_ProjectionDistance: 0.1
  m_ProjectionAngle: 180
  m_BreakForce: Infinity
  m_BreakTorque: Infinity
  m_EnableCollision: 0
  m_EnablePreprocessing: 0
  m_MassScale: 1
  m_ConnectedMassScale: 1
--- !u!54 &791014580
Rigidbody:
  m_ObjectHideFlags: 0
  m_CorrespondingSourceObject: {fileID: 0}
  m_PrefabInternal: {fileID: 0}
  m_GameObject: {fileID: 791014577}
  serializedVersion: 2
  m_Mass: 1.25
  m_Drag: 0
  m_AngularDrag: 0.05
  m_UseGravity: 1
  m_IsKinematic: 0
  m_Interpolate: 0
  m_Constraints: 0
  m_CollisionDetection: 0
--- !u!135 &791014581
SphereCollider:
  m_ObjectHideFlags: 0
  m_CorrespondingSourceObject: {fileID: 0}
  m_PrefabInternal: {fileID: 0}
  m_GameObject: {fileID: 791014577}
  m_Material: {fileID: 0}
  m_IsTrigger: 0
  m_Enabled: 1
  serializedVersion: 2
  m_Radius: 0.096338004
  m_Center: {x: -0.096338004, y: 0, z: 0}
--- !u!1 &844781525
GameObject:
  m_ObjectHideFlags: 0
  m_CorrespondingSourceObject: {fileID: 100066, guid: 320b1c2af77554f99a1658df4a6d3d5c,
    type: 3}
  m_PrefabInternal: {fileID: 1796776788}
  serializedVersion: 6
  m_Component:
  - component: {fileID: 844781526}
  m_Layer: 0
  m_Name: Right_Middle_Finger_Joint_01b
  m_TagString: Untagged
  m_Icon: {fileID: 0}
  m_NavMeshLayer: 0
  m_StaticEditorFlags: 0
  m_IsActive: 1
--- !u!4 &844781526
Transform:
  m_ObjectHideFlags: 0
  m_CorrespondingSourceObject: {fileID: 400066, guid: 320b1c2af77554f99a1658df4a6d3d5c,
    type: 3}
  m_PrefabInternal: {fileID: 1796776788}
  m_GameObject: {fileID: 844781525}
  m_LocalRotation: {x: 0.0006498135, y: 0.00044095775, z: 0.010304517, w: 0.9999466}
  m_LocalPosition: {x: 0.044053018, y: 0.0000006337014, z: -0.000000019575731}
  m_LocalScale: {x: 1, y: 1, z: 1}
  m_Children:
  - {fileID: 33477846}
  m_Father: {fileID: 2122533798}
  m_RootOrder: 0
  m_LocalEulerAnglesHint: {x: 0, y: 0, z: 0}
--- !u!1 &845257509
GameObject:
  m_ObjectHideFlags: 0
  m_CorrespondingSourceObject: {fileID: 100078, guid: 320b1c2af77554f99a1658df4a6d3d5c,
    type: 3}
  m_PrefabInternal: {fileID: 1796776788}
  serializedVersion: 6
  m_Component:
  - component: {fileID: 845257510}
  m_Layer: 0
  m_Name: Right_Ring_Finger_Joint_01b
  m_TagString: Untagged
  m_Icon: {fileID: 0}
  m_NavMeshLayer: 0
  m_StaticEditorFlags: 0
  m_IsActive: 1
--- !u!4 &845257510
Transform:
  m_ObjectHideFlags: 0
  m_CorrespondingSourceObject: {fileID: 400078, guid: 320b1c2af77554f99a1658df4a6d3d5c,
    type: 3}
  m_PrefabInternal: {fileID: 1796776788}
  m_GameObject: {fileID: 845257509}
  m_LocalRotation: {x: 0.0007561775, y: 0.00050791446, z: 0.011838988, w: 0.99992955}
  m_LocalPosition: {x: 0.03833457, y: -0.00000014894434, z: 0.000000029383655}
  m_LocalScale: {x: 1, y: 1, z: 1}
  m_Children:
  - {fileID: 1715028449}
  m_Father: {fileID: 1496179063}
  m_RootOrder: 0
  m_LocalEulerAnglesHint: {x: 0, y: 0, z: 0}
--- !u!1 &905403661
GameObject:
  m_ObjectHideFlags: 0
  m_CorrespondingSourceObject: {fileID: 0}
  m_PrefabInternal: {fileID: 0}
  serializedVersion: 6
  m_Component:
  - component: {fileID: 905403663}
  - component: {fileID: 905403662}
  m_Layer: 0
  m_Name: Directional Light
  m_TagString: Untagged
  m_Icon: {fileID: 0}
  m_NavMeshLayer: 0
  m_StaticEditorFlags: 0
  m_IsActive: 1
--- !u!108 &905403662
Light:
  m_ObjectHideFlags: 0
  m_CorrespondingSourceObject: {fileID: 0}
  m_PrefabInternal: {fileID: 0}
  m_GameObject: {fileID: 905403661}
  m_Enabled: 1
  serializedVersion: 8
  m_Type: 1
  m_Color: {r: 1, g: 0.95686275, b: 0.8392157, a: 1}
  m_Intensity: 1
  m_Range: 10
  m_SpotAngle: 30
  m_CookieSize: 10
  m_Shadows:
    m_Type: 2
    m_Resolution: -1
    m_CustomResolution: -1
    m_Strength: 1
    m_Bias: 0.05
    m_NormalBias: 0.4
    m_NearPlane: 0.2
  m_Cookie: {fileID: 0}
  m_DrawHalo: 0
  m_Flare: {fileID: 0}
  m_RenderMode: 0
  m_CullingMask:
    serializedVersion: 2
    m_Bits: 4294967295
  m_Lightmapping: 4
  m_LightShadowCasterMode: 0
  m_AreaSize: {x: 1, y: 1}
  m_BounceIntensity: 1
  m_ColorTemperature: 6570
  m_UseColorTemperature: 0
  m_ShadowRadius: 0
  m_ShadowAngle: 0
--- !u!4 &905403663
Transform:
  m_ObjectHideFlags: 0
  m_CorrespondingSourceObject: {fileID: 0}
  m_PrefabInternal: {fileID: 0}
  m_GameObject: {fileID: 905403661}
  m_LocalRotation: {x: 0.40821788, y: -0.23456968, z: 0.10938163, w: 0.8754261}
  m_LocalPosition: {x: 0, y: 3, z: 0}
  m_LocalScale: {x: 1, y: 1, z: 1}
  m_Children: []
  m_Father: {fileID: 0}
  m_RootOrder: 2
  m_LocalEulerAnglesHint: {x: 50, y: -30, z: 0}
--- !u!1 &912817534
GameObject:
  m_ObjectHideFlags: 0
  m_CorrespondingSourceObject: {fileID: 100028, guid: 320b1c2af77554f99a1658df4a6d3d5c,
    type: 3}
  m_PrefabInternal: {fileID: 1796776788}
  serializedVersion: 6
  m_Component:
  - component: {fileID: 912817535}
  m_Layer: 0
  m_Name: Left_Ring_Finger_Joint_01a
  m_TagString: Untagged
  m_Icon: {fileID: 0}
  m_NavMeshLayer: 0
  m_StaticEditorFlags: 0
  m_IsActive: 1
--- !u!4 &912817535
Transform:
  m_ObjectHideFlags: 0
  m_CorrespondingSourceObject: {fileID: 400028, guid: 320b1c2af77554f99a1658df4a6d3d5c,
    type: 3}
  m_PrefabInternal: {fileID: 1796776788}
  m_GameObject: {fileID: 912817534}
  m_LocalRotation: {x: 0.010312854, y: -0.00012740763, z: 0.012352655, w: 0.99987054}
  m_LocalPosition: {x: -0.072257206, y: 0.012475326, z: -0.014861824}
  m_LocalScale: {x: 1, y: 1, z: 1}
  m_Children:
  - {fileID: 1516487181}
  m_Father: {fileID: 1319778661}
  m_RootOrder: 3
  m_LocalEulerAnglesHint: {x: 0, y: 0, z: 0}
--- !u!1 &930002207
GameObject:
  m_ObjectHideFlags: 0
  m_CorrespondingSourceObject: {fileID: 100070, guid: 320b1c2af77554f99a1658df4a6d3d5c,
    type: 3}
  m_PrefabInternal: {fileID: 1796776788}
  serializedVersion: 6
  m_Component:
  - component: {fileID: 930002208}
  m_Layer: 0
  m_Name: Right_Pinky_Finger_Joint_01a
  m_TagString: Untagged
  m_Icon: {fileID: 0}
  m_NavMeshLayer: 0
  m_StaticEditorFlags: 0
  m_IsActive: 1
--- !u!4 &930002208
Transform:
  m_ObjectHideFlags: 0
  m_CorrespondingSourceObject: {fileID: 400070, guid: 320b1c2af77554f99a1658df4a6d3d5c,
    type: 3}
  m_PrefabInternal: {fileID: 1796776788}
  m_GameObject: {fileID: 930002207}
  m_LocalRotation: {x: 0.010538501, y: 0.008739322, z: 0.005554213, w: 0.99989086}
  m_LocalPosition: {x: 0.07244643, y: -0.013907843, z: 0.031932004}
  m_LocalScale: {x: 1, y: 1, z: 1}
  m_Children:
  - {fileID: 157859749}
  m_Father: {fileID: 1335252707}
  m_RootOrder: 2
  m_LocalEulerAnglesHint: {x: 0, y: 0, z: 0}
--- !u!1 &994639213
GameObject:
  m_ObjectHideFlags: 0
  m_CorrespondingSourceObject: {fileID: 100086, guid: 320b1c2af77554f99a1658df4a6d3d5c,
    type: 3}
  m_PrefabInternal: {fileID: 1796776788}
  serializedVersion: 6
  m_Component:
  - component: {fileID: 994639214}
  m_Layer: 0
  m_Name: Right_Thumb_Joint_01a
  m_TagString: Untagged
  m_Icon: {fileID: 0}
  m_NavMeshLayer: 0
  m_StaticEditorFlags: 0
  m_IsActive: 1
--- !u!4 &994639214
Transform:
  m_ObjectHideFlags: 0
  m_CorrespondingSourceObject: {fileID: 400086, guid: 320b1c2af77554f99a1658df4a6d3d5c,
    type: 3}
  m_PrefabInternal: {fileID: 1796776788}
  m_GameObject: {fileID: 994639213}
  m_LocalRotation: {x: 0.4233163, y: 0.3750433, z: -0.09540078, w: 0.8191731}
  m_LocalPosition: {x: 0.046120938, y: 0.0039559877, z: -0.04782508}
  m_LocalScale: {x: 1, y: 1, z: 1}
  m_Children:
  - {fileID: 75361109}
  m_Father: {fileID: 1335252707}
  m_RootOrder: 4
  m_LocalEulerAnglesHint: {x: 0, y: 0, z: 0}
--- !u!1 &1015537447
GameObject:
  m_ObjectHideFlags: 0
  m_CorrespondingSourceObject: {fileID: 100060, guid: 320b1c2af77554f99a1658df4a6d3d5c,
    type: 3}
  m_PrefabInternal: {fileID: 1796776788}
  serializedVersion: 6
  m_Component:
  - component: {fileID: 1015537448}
  m_Layer: 0
  m_Name: Right_Index_Finger_Joint_01c
  m_TagString: Untagged
  m_Icon: {fileID: 0}
  m_NavMeshLayer: 0
  m_StaticEditorFlags: 0
  m_IsActive: 1
--- !u!4 &1015537448
Transform:
  m_ObjectHideFlags: 0
  m_CorrespondingSourceObject: {fileID: 400060, guid: 320b1c2af77554f99a1658df4a6d3d5c,
    type: 3}
  m_PrefabInternal: {fileID: 1796776788}
  m_GameObject: {fileID: 1015537447}
  m_LocalRotation: {x: -0.011016605, y: -0.0002521592, z: -0.022881629, w: 0.9996775}
  m_LocalPosition: {x: 0.022944802, y: -0.00000007977574, z: -0.00000007166869}
  m_LocalScale: {x: 1, y: 1, z: 1}
  m_Children: []
  m_Father: {fileID: 1260977183}
  m_RootOrder: 0
  m_LocalEulerAnglesHint: {x: 0, y: 0, z: 0}
--- !u!1 &1040559496
GameObject:
  m_ObjectHideFlags: 0
  m_CorrespondingSourceObject: {fileID: 100034, guid: 320b1c2af77554f99a1658df4a6d3d5c,
    type: 3}
  m_PrefabInternal: {fileID: 1796776788}
  serializedVersion: 6
  m_Component:
  - component: {fileID: 1040559497}
  m_Layer: 0
  m_Name: Left_Shoulder_Joint_01
  m_TagString: Untagged
  m_Icon: {fileID: 0}
  m_NavMeshLayer: 0
  m_StaticEditorFlags: 0
  m_IsActive: 1
--- !u!4 &1040559497
Transform:
  m_ObjectHideFlags: 0
  m_CorrespondingSourceObject: {fileID: 400034, guid: 320b1c2af77554f99a1658df4a6d3d5c,
    type: 3}
  m_PrefabInternal: {fileID: 1796776788}
  m_GameObject: {fileID: 1040559496}
  m_LocalRotation: {x: -0.41058227, y: 0.44783446, z: 0.53675634, w: 0.5854563}
  m_LocalPosition: {x: -0.24796544, y: -0.018968333, z: 0.13130726}
  m_LocalScale: {x: 1, y: 1, z: 1}
  m_Children:
  - {fileID: 1208378715}
  m_Father: {fileID: 1235202463}
  m_RootOrder: 0
  m_LocalEulerAnglesHint: {x: 0, y: 0, z: 0}
--- !u!1 &1101925247
GameObject:
  m_ObjectHideFlags: 0
  m_CorrespondingSourceObject: {fileID: 100048, guid: 320b1c2af77554f99a1658df4a6d3d5c,
    type: 3}
  m_PrefabInternal: {fileID: 1796776788}
  serializedVersion: 6
  m_Component:
  - component: {fileID: 1101925248}
  m_Layer: 0
  m_Name: Neck
  m_TagString: Untagged
  m_Icon: {fileID: 0}
  m_NavMeshLayer: 0
  m_StaticEditorFlags: 0
  m_IsActive: 1
--- !u!4 &1101925248
Transform:
  m_ObjectHideFlags: 0
  m_CorrespondingSourceObject: {fileID: 400048, guid: 320b1c2af77554f99a1658df4a6d3d5c,
    type: 3}
  m_PrefabInternal: {fileID: 1796776788}
  m_GameObject: {fileID: 1101925247}
  m_LocalRotation: {x: 0, y: -0, z: -0.15122359, w: 0.9884996}
  m_LocalPosition: {x: -0.39539942, y: 1.2878587e-16, z: -8.9015506e-17}
  m_LocalScale: {x: 1, y: 1, z: 1}
  m_Children:
  - {fileID: 791014578}
  m_Father: {fileID: 1235202463}
  m_RootOrder: 1
  m_LocalEulerAnglesHint: {x: 0, y: 0, z: 0}
--- !u!1 &1150373360
GameObject:
  m_ObjectHideFlags: 0
  m_CorrespondingSourceObject: {fileID: 100026, guid: 320b1c2af77554f99a1658df4a6d3d5c,
    type: 3}
  m_PrefabInternal: {fileID: 1796776788}
  serializedVersion: 6
  m_Component:
  - component: {fileID: 1150373361}
  m_Layer: 0
  m_Name: Left_Pinky_Finger_Joint_01c
  m_TagString: Untagged
  m_Icon: {fileID: 0}
  m_NavMeshLayer: 0
  m_StaticEditorFlags: 0
  m_IsActive: 1
--- !u!4 &1150373361
Transform:
  m_ObjectHideFlags: 0
  m_CorrespondingSourceObject: {fileID: 400026, guid: 320b1c2af77554f99a1658df4a6d3d5c,
    type: 3}
  m_PrefabInternal: {fileID: 1796776788}
  m_GameObject: {fileID: 1150373360}
  m_LocalRotation: {x: -0.011272594, y: -0.00034267167, z: -0.030382684, w: 0.9994747}
  m_LocalPosition: {x: -0.017283713, y: -3.8666223e-16, z: 1.5274239e-17}
  m_LocalScale: {x: 1, y: 1, z: 1}
  m_Children: []
  m_Father: {fileID: 296506496}
  m_RootOrder: 0
  m_LocalEulerAnglesHint: {x: 0, y: 0, z: 0}
--- !u!1 &1195399198
GameObject:
  m_ObjectHideFlags: 0
  m_CorrespondingSourceObject: {fileID: 100100, guid: 320b1c2af77554f99a1658df4a6d3d5c,
    type: 3}
  m_PrefabInternal: {fileID: 1796776788}
  serializedVersion: 6
  m_Component:
  - component: {fileID: 1195399199}
  - component: {fileID: 1195399200}
  - component: {fileID: 1195399201}
  m_Layer: 0
  m_Name: Root
  m_TagString: Untagged
  m_Icon: {fileID: 0}
  m_NavMeshLayer: 0
  m_StaticEditorFlags: 0
  m_IsActive: 1
--- !u!4 &1195399199
Transform:
  m_ObjectHideFlags: 0
  m_CorrespondingSourceObject: {fileID: 400100, guid: 320b1c2af77554f99a1658df4a6d3d5c,
    type: 3}
  m_PrefabInternal: {fileID: 1796776788}
  m_GameObject: {fileID: 1195399198}
  m_LocalRotation: {x: 0.47294456, y: -0.52566475, z: -0.47294456, w: 0.52566475}
  m_LocalPosition: {x: -2.1878564e-33, y: 1.0628308, z: 0.035129853}
  m_LocalScale: {x: 1, y: 1, z: 1}
  m_Children:
  - {fileID: 635183099}
  - {fileID: 1235202463}
  m_Father: {fileID: 5933770}
  m_RootOrder: 1
  m_LocalEulerAnglesHint: {x: 0, y: 0, z: 0}
--- !u!54 &1195399200
Rigidbody:
  m_ObjectHideFlags: 0
  m_CorrespondingSourceObject: {fileID: 0}
  m_PrefabInternal: {fileID: 0}
  m_GameObject: {fileID: 1195399198}
  serializedVersion: 2
  m_Mass: 3.125
  m_Drag: 0
  m_AngularDrag: 0.05
  m_UseGravity: 1
  m_IsKinematic: 0
  m_Interpolate: 0
  m_Constraints: 0
  m_CollisionDetection: 0
--- !u!65 &1195399201
BoxCollider:
  m_ObjectHideFlags: 0
  m_CorrespondingSourceObject: {fileID: 0}
  m_PrefabInternal: {fileID: 0}
  m_GameObject: {fileID: 1195399198}
  m_Material: {fileID: 0}
  m_IsTrigger: 0
  m_Enabled: 1
  serializedVersion: 2
  m_Size: {x: 0.23187771, y: 0.24095604, z: 0.38535202}
  m_Center: {x: 0.035693623, y: -0.015121892, z: -0.000000059604645}
--- !u!1 &1208378714
GameObject:
  m_ObjectHideFlags: 0
  m_CorrespondingSourceObject: {fileID: 100044, guid: 320b1c2af77554f99a1658df4a6d3d5c,
    type: 3}
  m_PrefabInternal: {fileID: 1796776788}
  serializedVersion: 6
  m_Component:
  - component: {fileID: 1208378715}
  - component: {fileID: 1208378716}
  - component: {fileID: 1208378717}
  - component: {fileID: 1208378718}
  m_Layer: 0
  m_Name: Left_Upper_Arm_Joint_01
  m_TagString: Untagged
  m_Icon: {fileID: 0}
  m_NavMeshLayer: 0
  m_StaticEditorFlags: 0
  m_IsActive: 1
--- !u!4 &1208378715
Transform:
  m_ObjectHideFlags: 0
  m_CorrespondingSourceObject: {fileID: 400044, guid: 320b1c2af77554f99a1658df4a6d3d5c,
    type: 3}
  m_PrefabInternal: {fileID: 1796776788}
  m_GameObject: {fileID: 1208378714}
  m_LocalRotation: {x: 0.114033155, y: 0.00978106, z: 0.4396459, w: 0.89084923}
  m_LocalPosition: {x: -0.06358527, y: 0, z: -3.1086245e-17}
  m_LocalScale: {x: 1, y: 1, z: 1}
  m_Children:
  - {fileID: 1234748134}
  m_Father: {fileID: 1040559497}
  m_RootOrder: 0
  m_LocalEulerAnglesHint: {x: 0, y: 0, z: 0}
--- !u!54 &1208378716
Rigidbody:
  m_ObjectHideFlags: 0
  m_CorrespondingSourceObject: {fileID: 0}
  m_PrefabInternal: {fileID: 0}
  m_GameObject: {fileID: 1208378714}
  serializedVersion: 2
  m_Mass: 1.25
  m_Drag: 0
  m_AngularDrag: 0.05
  m_UseGravity: 1
  m_IsKinematic: 0
  m_Interpolate: 0
  m_Constraints: 0
  m_CollisionDetection: 0
--- !u!144 &1208378717
CharacterJoint:
  m_ObjectHideFlags: 0
  m_CorrespondingSourceObject: {fileID: 0}
  m_PrefabInternal: {fileID: 0}
  m_GameObject: {fileID: 1208378714}
  m_ConnectedBody: {fileID: 1235202464}
  m_Anchor: {x: 0, y: 0, z: 0}
  m_Axis: {x: 1, y: 0, z: 0}
  m_AutoConfigureConnectedAnchor: 1
  m_ConnectedAnchor: {x: -0.24940713, y: -0.035548057, z: 0.19267595}
  serializedVersion: 2
  m_SwingAxis: {x: 0, y: 0, z: 1}
  m_TwistLimitSpring:
    spring: 0
    damper: 0
  m_LowTwistLimit:
    limit: -70
    bounciness: 0
    contactDistance: 0
  m_HighTwistLimit:
    limit: 10
    bounciness: 0
    contactDistance: 0
  m_SwingLimitSpring:
    spring: 0
    damper: 0
  m_Swing1Limit:
    limit: 50
    bounciness: 0
    contactDistance: 0
  m_Swing2Limit:
    limit: 0
    bounciness: 0
    contactDistance: 0
  m_EnableProjection: 0
  m_ProjectionDistance: 0.1
  m_ProjectionAngle: 180
  m_BreakForce: Infinity
  m_BreakTorque: Infinity
  m_EnableCollision: 0
  m_EnablePreprocessing: 0
  m_MassScale: 1
  m_ConnectedMassScale: 1
--- !u!136 &1208378718
CapsuleCollider:
  m_ObjectHideFlags: 0
  m_CorrespondingSourceObject: {fileID: 0}
  m_PrefabInternal: {fileID: 0}
  m_GameObject: {fileID: 1208378714}
  m_Material: {fileID: 0}
  m_IsTrigger: 0
  m_Enabled: 1
  m_Radius: 0.059592776
  m_Height: 0.2383711
  m_Direction: 0
  m_Center: {x: -0.11918555, y: 0, z: 0}
--- !u!1 &1234748133
GameObject:
  m_ObjectHideFlags: 0
  m_CorrespondingSourceObject: {fileID: 100006, guid: 320b1c2af77554f99a1658df4a6d3d5c,
    type: 3}
  m_PrefabInternal: {fileID: 1796776788}
  serializedVersion: 6
  m_Component:
  - component: {fileID: 1234748134}
  - component: {fileID: 1234748136}
  - component: {fileID: 1234748135}
  - component: {fileID: 1234748137}
  m_Layer: 0
  m_Name: Left_Forearm_Joint_01
  m_TagString: Untagged
  m_Icon: {fileID: 0}
  m_NavMeshLayer: 0
  m_StaticEditorFlags: 0
  m_IsActive: 1
--- !u!4 &1234748134
Transform:
  m_ObjectHideFlags: 0
  m_CorrespondingSourceObject: {fileID: 400006, guid: 320b1c2af77554f99a1658df4a6d3d5c,
    type: 3}
  m_PrefabInternal: {fileID: 1796776788}
  m_GameObject: {fileID: 1234748133}
  m_LocalRotation: {x: -0.05499202, y: 0.10791634, z: -0.45085245, w: 0.88434273}
  m_LocalPosition: {x: -0.2383711, y: 0.03532467, z: -0.0012605645}
  m_LocalScale: {x: 1, y: 1, z: 1}
  m_Children:
  - {fileID: 1319778661}
  m_Father: {fileID: 1208378715}
  m_RootOrder: 0
  m_LocalEulerAnglesHint: {x: 0, y: 0, z: 0}
--- !u!144 &1234748135
CharacterJoint:
  m_ObjectHideFlags: 0
  m_CorrespondingSourceObject: {fileID: 0}
  m_PrefabInternal: {fileID: 0}
  m_GameObject: {fileID: 1234748133}
  m_ConnectedBody: {fileID: 1208378716}
  m_Anchor: {x: 0, y: 0, z: 0}
  m_Axis: {x: 0, y: 0, z: 1}
  m_AutoConfigureConnectedAnchor: 1
  m_ConnectedAnchor: {x: -0.2383711, y: 0.035324693, z: -0.0012605041}
  serializedVersion: 2
  m_SwingAxis: {x: 0, y: 1, z: 0}
  m_TwistLimitSpring:
    spring: 0
    damper: 0
  m_LowTwistLimit:
    limit: -90
    bounciness: 0
    contactDistance: 0
  m_HighTwistLimit:
    limit: 0
    bounciness: 0
    contactDistance: 0
  m_SwingLimitSpring:
    spring: 0
    damper: 0
  m_Swing1Limit:
    limit: 0
    bounciness: 0
    contactDistance: 0
  m_Swing2Limit:
    limit: 0
    bounciness: 0
    contactDistance: 0
  m_EnableProjection: 0
  m_ProjectionDistance: 0.1
  m_ProjectionAngle: 180
  m_BreakForce: Infinity
  m_BreakTorque: Infinity
  m_EnableCollision: 0
  m_EnablePreprocessing: 0
  m_MassScale: 1
  m_ConnectedMassScale: 1
--- !u!54 &1234748136
Rigidbody:
  m_ObjectHideFlags: 0
  m_CorrespondingSourceObject: {fileID: 0}
  m_PrefabInternal: {fileID: 0}
  m_GameObject: {fileID: 1234748133}
  serializedVersion: 2
  m_Mass: 1.25
  m_Drag: 0
  m_AngularDrag: 0.05
  m_UseGravity: 1
  m_IsKinematic: 0
  m_Interpolate: 0
  m_Constraints: 0
  m_CollisionDetection: 0
--- !u!136 &1234748137
CapsuleCollider:
  m_ObjectHideFlags: 0
  m_CorrespondingSourceObject: {fileID: 0}
  m_PrefabInternal: {fileID: 0}
  m_GameObject: {fileID: 1234748133}
  m_Material: {fileID: 0}
  m_IsTrigger: 0
  m_Enabled: 1
  m_Radius: 0.07119813
  m_Height: 0.35599062
  m_Direction: 1
  m_Center: {x: 0, y: -0.17799531, z: 0}
--- !u!1 &1235202462
GameObject:
  m_ObjectHideFlags: 0
  m_CorrespondingSourceObject: {fileID: 100050, guid: 320b1c2af77554f99a1658df4a6d3d5c,
    type: 3}
  m_PrefabInternal: {fileID: 1796776788}
  serializedVersion: 6
  m_Component:
  - component: {fileID: 1235202463}
  - component: {fileID: 1235202464}
  - component: {fileID: 1235202465}
  - component: {fileID: 1235202466}
  m_Layer: 0
  m_Name: Ribs
  m_TagString: Untagged
  m_Icon: {fileID: 0}
  m_NavMeshLayer: 0
  m_StaticEditorFlags: 0
  m_IsActive: 1
--- !u!4 &1235202463
Transform:
  m_ObjectHideFlags: 0
  m_CorrespondingSourceObject: {fileID: 400050, guid: 320b1c2af77554f99a1658df4a6d3d5c,
    type: 3}
  m_PrefabInternal: {fileID: 1796776788}
  m_GameObject: {fileID: 1235202462}
  m_LocalRotation: {x: 0, y: -0, z: -0.009375348, w: 0.9999561}
  m_LocalPosition: {x: -0.08024527, y: 0.00062167255, z: -9.82317e-18}
  m_LocalScale: {x: 1, y: 1, z: 1}
  m_Children:
  - {fileID: 1040559497}
  - {fileID: 1101925248}
  - {fileID: 1307231953}
  m_Father: {fileID: 1195399199}
  m_RootOrder: 1
  m_LocalEulerAnglesHint: {x: 0, y: 0, z: 0}
--- !u!54 &1235202464
Rigidbody:
  m_ObjectHideFlags: 0
  m_CorrespondingSourceObject: {fileID: 0}
  m_PrefabInternal: {fileID: 0}
  m_GameObject: {fileID: 1235202462}
  serializedVersion: 2
  m_Mass: 3.125
  m_Drag: 0
  m_AngularDrag: 0.05
  m_UseGravity: 1
  m_IsKinematic: 0
  m_Interpolate: 0
  m_Constraints: 0
  m_CollisionDetection: 0
--- !u!144 &1235202465
CharacterJoint:
  m_ObjectHideFlags: 0
  m_CorrespondingSourceObject: {fileID: 0}
  m_PrefabInternal: {fileID: 0}
  m_GameObject: {fileID: 1235202462}
  m_ConnectedBody: {fileID: 1195399200}
  m_Anchor: {x: 0, y: 0, z: 0}
  m_Axis: {x: 0, y: 0, z: -1}
  m_AutoConfigureConnectedAnchor: 1
  m_ConnectedAnchor: {x: -0.080245234, y: 0.00062161684, z: 0}
  serializedVersion: 2
  m_SwingAxis: {x: 0, y: 1, z: 0}
  m_TwistLimitSpring:
    spring: 0
    damper: 0
  m_LowTwistLimit:
    limit: -20
    bounciness: 0
    contactDistance: 0
  m_HighTwistLimit:
    limit: 20
    bounciness: 0
    contactDistance: 0
  m_SwingLimitSpring:
    spring: 0
    damper: 0
  m_Swing1Limit:
    limit: 10
    bounciness: 0
    contactDistance: 0
  m_Swing2Limit:
    limit: 0
    bounciness: 0
    contactDistance: 0
  m_EnableProjection: 0
  m_ProjectionDistance: 0.1
  m_ProjectionAngle: 180
  m_BreakForce: Infinity
  m_BreakTorque: Infinity
  m_EnableCollision: 0
  m_EnablePreprocessing: 0
  m_MassScale: 1
  m_ConnectedMassScale: 1
--- !u!65 &1235202466
BoxCollider:
  m_ObjectHideFlags: 0
  m_CorrespondingSourceObject: {fileID: 0}
  m_PrefabInternal: {fileID: 0}
  m_GameObject: {fileID: 1235202462}
  m_Material: {fileID: 0}
  m_IsTrigger: 0
  m_Enabled: 1
  serializedVersion: 2
  m_Size: {x: 0.2494117, y: 0.24063489, z: 0.38535202}
  m_Center: {x: -0.12470581, y: -0.01616408, z: -0.000000059604645}
--- !u!1 &1260977182
GameObject:
  m_ObjectHideFlags: 0
  m_CorrespondingSourceObject: {fileID: 100058, guid: 320b1c2af77554f99a1658df4a6d3d5c,
    type: 3}
  m_PrefabInternal: {fileID: 1796776788}
  serializedVersion: 6
  m_Component:
  - component: {fileID: 1260977183}
  m_Layer: 0
  m_Name: Right_Index_Finger_Joint_01b
  m_TagString: Untagged
  m_Icon: {fileID: 0}
  m_NavMeshLayer: 0
  m_StaticEditorFlags: 0
  m_IsActive: 1
--- !u!4 &1260977183
Transform:
  m_ObjectHideFlags: 0
  m_CorrespondingSourceObject: {fileID: 400058, guid: 320b1c2af77554f99a1658df4a6d3d5c,
    type: 3}
  m_PrefabInternal: {fileID: 1796776788}
  m_GameObject: {fileID: 1260977182}
  m_LocalRotation: {x: 0.0007113588, y: 0.0004798609, z: 0.011196686, w: 0.999937}
  m_LocalPosition: {x: 0.04053422, y: -0.0000009354332, z: 0.000000022560922}
  m_LocalScale: {x: 1, y: 1, z: 1}
  m_Children:
  - {fileID: 1015537448}
  m_Father: {fileID: 732757586}
  m_RootOrder: 0
  m_LocalEulerAnglesHint: {x: 0, y: 0, z: 0}
--- !u!1 &1307231952
GameObject:
  m_ObjectHideFlags: 0
  m_CorrespondingSourceObject: {fileID: 100082, guid: 320b1c2af77554f99a1658df4a6d3d5c,
    type: 3}
  m_PrefabInternal: {fileID: 1796776788}
  serializedVersion: 6
  m_Component:
  - component: {fileID: 1307231953}
  m_Layer: 0
  m_Name: Right_Shoulder_Joint_01
  m_TagString: Untagged
  m_Icon: {fileID: 0}
  m_NavMeshLayer: 0
  m_StaticEditorFlags: 0
  m_IsActive: 1
--- !u!4 &1307231953
Transform:
  m_ObjectHideFlags: 0
  m_CorrespondingSourceObject: {fileID: 400082, guid: 320b1c2af77554f99a1658df4a6d3d5c,
    type: 3}
  m_PrefabInternal: {fileID: 1796776788}
  m_GameObject: {fileID: 1307231952}
  m_LocalRotation: {x: 0.44783446, y: 0.41058227, z: -0.5854563, w: 0.53675634}
  m_LocalPosition: {x: -0.24796993, y: -0.01896791, z: -0.13130699}
  m_LocalScale: {x: 1, y: 1, z: 1}
  m_Children:
  - {fileID: 1453670601}
  m_Father: {fileID: 1235202463}
  m_RootOrder: 2
  m_LocalEulerAnglesHint: {x: 0, y: 0, z: 0}
--- !u!1 &1319778660
GameObject:
  m_ObjectHideFlags: 0
  m_CorrespondingSourceObject: {fileID: 100046, guid: 320b1c2af77554f99a1658df4a6d3d5c,
    type: 3}
  m_PrefabInternal: {fileID: 1796776788}
  serializedVersion: 6
  m_Component:
  - component: {fileID: 1319778661}
  m_Layer: 0
  m_Name: Left_Wrist_Joint_01
  m_TagString: Untagged
  m_Icon: {fileID: 0}
  m_NavMeshLayer: 0
  m_StaticEditorFlags: 0
  m_IsActive: 1
--- !u!4 &1319778661
Transform:
  m_ObjectHideFlags: 0
  m_CorrespondingSourceObject: {fileID: 400046, guid: 320b1c2af77554f99a1658df4a6d3d5c,
    type: 3}
  m_PrefabInternal: {fileID: 1796776788}
  m_GameObject: {fileID: 1319778660}
  m_LocalRotation: {x: -0.0034134407, y: 0.0066458187, z: 0.45418105, w: 0.89087814}
  m_LocalPosition: {x: -0.17692582, y: -0.24830171, z: 0.04193508}
  m_LocalScale: {x: 1, y: 1, z: 1}
  m_Children:
  - {fileID: 1539976700}
  - {fileID: 488704653}
  - {fileID: 1436260325}
  - {fileID: 912817535}
  - {fileID: 1893752175}
  m_Father: {fileID: 1234748134}
  m_RootOrder: 0
  m_LocalEulerAnglesHint: {x: 0, y: 0, z: 0}
--- !u!1 &1335252706
GameObject:
  m_ObjectHideFlags: 0
  m_CorrespondingSourceObject: {fileID: 100094, guid: 320b1c2af77554f99a1658df4a6d3d5c,
    type: 3}
  m_PrefabInternal: {fileID: 1796776788}
  serializedVersion: 6
  m_Component:
  - component: {fileID: 1335252707}
  m_Layer: 0
  m_Name: Right_Wrist_Joint_01
  m_TagString: Untagged
  m_Icon: {fileID: 0}
  m_NavMeshLayer: 0
  m_StaticEditorFlags: 0
  m_IsActive: 1
--- !u!4 &1335252707
Transform:
  m_ObjectHideFlags: 0
  m_CorrespondingSourceObject: {fileID: 400094, guid: 320b1c2af77554f99a1658df4a6d3d5c,
    type: 3}
  m_PrefabInternal: {fileID: 1796776788}
  m_GameObject: {fileID: 1335252706}
  m_LocalRotation: {x: -0.7059572, y: -0.015687702, z: 0.0068027773, w: 0.70804816}
  m_LocalPosition: {x: 0.30588374, y: -0.03317292, z: 0.007066546}
  m_LocalScale: {x: 1, y: 1, z: 1}
  m_Children:
  - {fileID: 732757586}
  - {fileID: 2122533798}
  - {fileID: 930002208}
  - {fileID: 1496179063}
  - {fileID: 994639214}
  m_Father: {fileID: 1546132849}
  m_RootOrder: 0
  m_LocalEulerAnglesHint: {x: 0, y: 0, z: 0}
--- !u!1 &1436260324
GameObject:
  m_ObjectHideFlags: 0
  m_CorrespondingSourceObject: {fileID: 100022, guid: 320b1c2af77554f99a1658df4a6d3d5c,
    type: 3}
  m_PrefabInternal: {fileID: 1796776788}
  serializedVersion: 6
  m_Component:
  - component: {fileID: 1436260325}
  m_Layer: 0
  m_Name: Left_Pinky_Finger_Joint_01a
  m_TagString: Untagged
  m_Icon: {fileID: 0}
  m_NavMeshLayer: 0
  m_StaticEditorFlags: 0
  m_IsActive: 1
--- !u!4 &1436260325
Transform:
  m_ObjectHideFlags: 0
  m_CorrespondingSourceObject: {fileID: 400022, guid: 320b1c2af77554f99a1658df4a6d3d5c,
    type: 3}
  m_PrefabInternal: {fileID: 1796776788}
  m_GameObject: {fileID: 1436260324}
  m_LocalRotation: {x: 0.0103124, y: -0.00016005653, z: 0.01551809, w: 0.9998264}
  m_LocalPosition: {x: -0.07212005, y: 0.012475326, z: -0.03323619}
  m_LocalScale: {x: 1, y: 1, z: 1}
  m_Children:
  - {fileID: 296506496}
  m_Father: {fileID: 1319778661}
  m_RootOrder: 2
  m_LocalEulerAnglesHint: {x: 0, y: 0, z: 0}
--- !u!1 &1453670600
GameObject:
  m_ObjectHideFlags: 0
  m_CorrespondingSourceObject: {fileID: 100092, guid: 320b1c2af77554f99a1658df4a6d3d5c,
    type: 3}
  m_PrefabInternal: {fileID: 1796776788}
  serializedVersion: 6
  m_Component:
  - component: {fileID: 1453670601}
  - component: {fileID: 1453670602}
  - component: {fileID: 1453670603}
  - component: {fileID: 1453670604}
  m_Layer: 0
  m_Name: Right_Upper_Arm_Joint_01
  m_TagString: Untagged
  m_Icon: {fileID: 0}
  m_NavMeshLayer: 0
  m_StaticEditorFlags: 0
  m_IsActive: 1
--- !u!4 &1453670601
Transform:
  m_ObjectHideFlags: 0
  m_CorrespondingSourceObject: {fileID: 400092, guid: 320b1c2af77554f99a1658df4a6d3d5c,
    type: 3}
  m_PrefabInternal: {fileID: 1796776788}
  m_GameObject: {fileID: 1453670600}
  m_LocalRotation: {x: -0.0008169309, y: -0.05782889, z: 0.36165696, w: 0.93051565}
  m_LocalPosition: {x: 0.063585564, y: 2.842171e-16, z: -0.000000039259945}
  m_LocalScale: {x: 1, y: 1, z: 1}
  m_Children:
  - {fileID: 1546132849}
  m_Father: {fileID: 1307231953}
  m_RootOrder: 0
  m_LocalEulerAnglesHint: {x: 0, y: 0, z: 0}
--- !u!54 &1453670602
Rigidbody:
  m_ObjectHideFlags: 0
  m_CorrespondingSourceObject: {fileID: 0}
  m_PrefabInternal: {fileID: 0}
  m_GameObject: {fileID: 1453670600}
  serializedVersion: 2
  m_Mass: 1.25
  m_Drag: 0
  m_AngularDrag: 0.05
  m_UseGravity: 1
  m_IsKinematic: 0
  m_Interpolate: 0
  m_Constraints: 0
  m_CollisionDetection: 0
--- !u!144 &1453670603
CharacterJoint:
  m_ObjectHideFlags: 0
  m_CorrespondingSourceObject: {fileID: 0}
  m_PrefabInternal: {fileID: 0}
  m_GameObject: {fileID: 1453670600}
  m_ConnectedBody: {fileID: 1235202464}
  m_Anchor: {x: 0, y: 0, z: 0}
  m_Axis: {x: 0, y: -1, z: 0}
  m_AutoConfigureConnectedAnchor: 1
  m_ConnectedAnchor: {x: -0.24941166, y: -0.03554778, z: -0.19267607}
  serializedVersion: 2
  m_SwingAxis: {x: 0, y: 0, z: -1}
  m_TwistLimitSpring:
    spring: 0
    damper: 0
  m_LowTwistLimit:
    limit: -70
    bounciness: 0
    contactDistance: 0
  m_HighTwistLimit:
    limit: 10
    bounciness: 0
    contactDistance: 0
  m_SwingLimitSpring:
    spring: 0
    damper: 0
  m_Swing1Limit:
    limit: 50
    bounciness: 0
    contactDistance: 0
  m_Swing2Limit:
    limit: 0
    bounciness: 0
    contactDistance: 0
  m_EnableProjection: 0
  m_ProjectionDistance: 0.1
  m_ProjectionAngle: 180
  m_BreakForce: Infinity
  m_BreakTorque: Infinity
  m_EnableCollision: 0
  m_EnablePreprocessing: 0
  m_MassScale: 1
  m_ConnectedMassScale: 1
--- !u!136 &1453670604
CapsuleCollider:
  m_ObjectHideFlags: 0
  m_CorrespondingSourceObject: {fileID: 0}
  m_PrefabInternal: {fileID: 0}
  m_GameObject: {fileID: 1453670600}
  m_Material: {fileID: 0}
  m_IsTrigger: 0
  m_Enabled: 1
  m_Radius: 0.06015505
  m_Height: 0.2406202
  m_Direction: 0
  m_Center: {x: 0.1203101, y: 0, z: 0}
--- !u!1 &1487981565
GameObject:
  m_ObjectHideFlags: 0
  m_CorrespondingSourceObject: {fileID: 100010, guid: 320b1c2af77554f99a1658df4a6d3d5c,
    type: 3}
  m_PrefabInternal: {fileID: 1796776788}
  serializedVersion: 6
  m_Component:
  - component: {fileID: 1487981566}
  m_Layer: 0
  m_Name: Left_Index_Finger_Joint_01b
  m_TagString: Untagged
  m_Icon: {fileID: 0}
  m_NavMeshLayer: 0
  m_StaticEditorFlags: 0
  m_IsActive: 1
--- !u!4 &1487981566
Transform:
  m_ObjectHideFlags: 0
  m_CorrespondingSourceObject: {fileID: 400010, guid: 320b1c2af77554f99a1658df4a6d3d5c,
    type: 3}
  m_PrefabInternal: {fileID: 1796776788}
  m_GameObject: {fileID: 1487981565}
  m_LocalRotation: {x: 0.0007113588, y: 0.0004798609, z: 0.011196686, w: 0.999937}
  m_LocalPosition: {x: -0.04053395, y: -2.3314683e-17, z: 9.922638e-19}
  m_LocalScale: {x: 1, y: 1, z: 1}
  m_Children:
  - {fileID: 336370300}
  m_Father: {fileID: 1539976700}
  m_RootOrder: 0
  m_LocalEulerAnglesHint: {x: 0, y: 0, z: 0}
--- !u!1 &1496179062
GameObject:
  m_ObjectHideFlags: 0
  m_CorrespondingSourceObject: {fileID: 100076, guid: 320b1c2af77554f99a1658df4a6d3d5c,
    type: 3}
  m_PrefabInternal: {fileID: 1796776788}
  serializedVersion: 6
  m_Component:
  - component: {fileID: 1496179063}
  m_Layer: 0
  m_Name: Right_Ring_Finger_Joint_01a
  m_TagString: Untagged
  m_Icon: {fileID: 0}
  m_NavMeshLayer: 0
  m_StaticEditorFlags: 0
  m_IsActive: 1
--- !u!4 &1496179063
Transform:
  m_ObjectHideFlags: 0
  m_CorrespondingSourceObject: {fileID: 400076, guid: 320b1c2af77554f99a1658df4a6d3d5c,
    type: 3}
  m_PrefabInternal: {fileID: 1796776788}
  m_GameObject: {fileID: 1496179062}
  m_LocalRotation: {x: 0.01051078, y: 0.008772642, z: 0.0023886247, w: 0.99990344}
  m_LocalPosition: {x: 0.07225248, y: -0.0139042325, z: 0.013558211}
  m_LocalScale: {x: 1, y: 1, z: 1}
  m_Children:
  - {fileID: 845257510}
  m_Father: {fileID: 1335252707}
  m_RootOrder: 3
  m_LocalEulerAnglesHint: {x: 0, y: 0, z: 0}
--- !u!1 &1516487180
GameObject:
  m_ObjectHideFlags: 0
  m_CorrespondingSourceObject: {fileID: 100030, guid: 320b1c2af77554f99a1658df4a6d3d5c,
    type: 3}
  m_PrefabInternal: {fileID: 1796776788}
  serializedVersion: 6
  m_Component:
  - component: {fileID: 1516487181}
  m_Layer: 0
  m_Name: Left_Ring_Finger_Joint_01b
  m_TagString: Untagged
  m_Icon: {fileID: 0}
  m_NavMeshLayer: 0
  m_StaticEditorFlags: 0
  m_IsActive: 1
--- !u!4 &1516487181
Transform:
  m_ObjectHideFlags: 0
  m_CorrespondingSourceObject: {fileID: 400030, guid: 320b1c2af77554f99a1658df4a6d3d5c,
    type: 3}
  m_PrefabInternal: {fileID: 1796776788}
  m_GameObject: {fileID: 1516487180}
  m_LocalRotation: {x: 0.0007561775, y: 0.00050791446, z: 0.011838988, w: 0.99992955}
  m_LocalPosition: {x: -0.038333587, y: -2.4980017e-18, z: 4.4126392e-18}
  m_LocalScale: {x: 1, y: 1, z: 1}
  m_Children:
  - {fileID: 1797773797}
  m_Father: {fileID: 912817535}
  m_RootOrder: 0
  m_LocalEulerAnglesHint: {x: 0, y: 0, z: 0}
--- !u!1 &1539976699
GameObject:
  m_ObjectHideFlags: 0
  m_CorrespondingSourceObject: {fileID: 100008, guid: 320b1c2af77554f99a1658df4a6d3d5c,
    type: 3}
  m_PrefabInternal: {fileID: 1796776788}
  serializedVersion: 6
  m_Component:
  - component: {fileID: 1539976700}
  m_Layer: 0
  m_Name: Left_Index_Finger_Joint_01a
  m_TagString: Untagged
  m_Icon: {fileID: 0}
  m_NavMeshLayer: 0
  m_StaticEditorFlags: 0
  m_IsActive: 1
--- !u!4 &1539976700
Transform:
  m_ObjectHideFlags: 0
  m_CorrespondingSourceObject: {fileID: 400008, guid: 320b1c2af77554f99a1658df4a6d3d5c,
    type: 3}
  m_PrefabInternal: {fileID: 1796776788}
  m_GameObject: {fileID: 1539976699}
  m_LocalRotation: {x: 0.010312937, y: -0.00012049041, z: 0.011682004, w: 0.9998786}
  m_LocalPosition: {x: -0.07013222, y: 0.012475326, z: 0.025505245}
  m_LocalScale: {x: 1, y: 1, z: 1}
  m_Children:
  - {fileID: 1487981566}
  m_Father: {fileID: 1319778661}
  m_RootOrder: 0
  m_LocalEulerAnglesHint: {x: 0, y: 0, z: 0}
--- !u!1 &1546132848
GameObject:
  m_ObjectHideFlags: 0
  m_CorrespondingSourceObject: {fileID: 100054, guid: 320b1c2af77554f99a1658df4a6d3d5c,
    type: 3}
  m_PrefabInternal: {fileID: 1796776788}
  serializedVersion: 6
  m_Component:
  - component: {fileID: 1546132849}
  - component: {fileID: 1546132851}
  - component: {fileID: 1546132850}
  - component: {fileID: 1546132852}
  m_Layer: 0
  m_Name: Right_Forearm_Joint_01
  m_TagString: Untagged
  m_Icon: {fileID: 0}
  m_NavMeshLayer: 0
  m_StaticEditorFlags: 0
  m_IsActive: 1
--- !u!4 &1546132849
Transform:
  m_ObjectHideFlags: 0
  m_CorrespondingSourceObject: {fileID: 400054, guid: 320b1c2af77554f99a1658df4a6d3d5c,
    type: 3}
  m_PrefabInternal: {fileID: 1796776788}
  m_GameObject: {fileID: 1546132848}
  m_LocalRotation: {x: 0.7767065, y: 0.18686023, z: -0.025670227, w: 0.60095865}
  m_LocalPosition: {x: 0.24062023, y: 0.0051437393, z: -0.012117967}
  m_LocalScale: {x: 1, y: 1, z: 1}
  m_Children:
  - {fileID: 1335252707}
  m_Father: {fileID: 1453670601}
  m_RootOrder: 0
  m_LocalEulerAnglesHint: {x: 0, y: 0, z: 0}
--- !u!144 &1546132850
CharacterJoint:
  m_ObjectHideFlags: 0
  m_CorrespondingSourceObject: {fileID: 0}
  m_PrefabInternal: {fileID: 0}
  m_GameObject: {fileID: 1546132848}
  m_ConnectedBody: {fileID: 1453670602}
  m_Anchor: {x: 0, y: 0, z: 0}
  m_Axis: {x: 0, y: -1, z: 0}
  m_AutoConfigureConnectedAnchor: 1
  m_ConnectedAnchor: {x: 0.2406202, y: 0.005143743, z: -0.012117937}
  serializedVersion: 2
  m_SwingAxis: {x: -1, y: 0, z: 0}
  m_TwistLimitSpring:
    spring: 0
    damper: 0
  m_LowTwistLimit:
    limit: -90
    bounciness: 0
    contactDistance: 0
  m_HighTwistLimit:
    limit: 0
    bounciness: 0
    contactDistance: 0
  m_SwingLimitSpring:
    spring: 0
    damper: 0
  m_Swing1Limit:
    limit: 0
    bounciness: 0
    contactDistance: 0
  m_Swing2Limit:
    limit: 0
    bounciness: 0
    contactDistance: 0
  m_EnableProjection: 0
  m_ProjectionDistance: 0.1
  m_ProjectionAngle: 180
  m_BreakForce: Infinity
  m_BreakTorque: Infinity
  m_EnableCollision: 0
  m_EnablePreprocessing: 0
  m_MassScale: 1
  m_ConnectedMassScale: 1
--- !u!54 &1546132851
Rigidbody:
  m_ObjectHideFlags: 0
  m_CorrespondingSourceObject: {fileID: 0}
  m_PrefabInternal: {fileID: 0}
  m_GameObject: {fileID: 1546132848}
  serializedVersion: 2
  m_Mass: 1.25
  m_Drag: 0
  m_AngularDrag: 0.05
  m_UseGravity: 1
  m_IsKinematic: 0
  m_Interpolate: 0
  m_Constraints: 0
  m_CollisionDetection: 0
--- !u!136 &1546132852
CapsuleCollider:
  m_ObjectHideFlags: 0
  m_CorrespondingSourceObject: {fileID: 0}
  m_PrefabInternal: {fileID: 0}
  m_GameObject: {fileID: 1546132848}
  m_Material: {fileID: 0}
  m_IsTrigger: 0
  m_Enabled: 1
  m_Radius: 0.089258544
  m_Height: 0.4462927
  m_Direction: 0
  m_Center: {x: 0.22314635, y: 0, z: 0}
--- !u!1 &1568415091
GameObject:
  m_ObjectHideFlags: 0
  m_CorrespondingSourceObject: {fileID: 100062, guid: 320b1c2af77554f99a1658df4a6d3d5c,
    type: 3}
  m_PrefabInternal: {fileID: 1796776788}
  serializedVersion: 6
  m_Component:
  - component: {fileID: 1568415092}
  - component: {fileID: 1568415094}
  - component: {fileID: 1568415093}
  - component: {fileID: 1568415095}
  m_Layer: 0
  m_Name: Right_Knee_Joint_01
  m_TagString: Untagged
  m_Icon: {fileID: 0}
  m_NavMeshLayer: 0
  m_StaticEditorFlags: 0
  m_IsActive: 1
--- !u!4 &1568415092
Transform:
  m_ObjectHideFlags: 0
  m_CorrespondingSourceObject: {fileID: 400062, guid: 320b1c2af77554f99a1658df4a6d3d5c,
    type: 3}
  m_PrefabInternal: {fileID: 1796776788}
  m_GameObject: {fileID: 1568415091}
  m_LocalRotation: {x: 0, y: -0, z: -0.018812645, w: 0.99982303}
  m_LocalPosition: {x: 0.3717341, y: -0.001996706, z: 0.073036395}
  m_LocalScale: {x: 1, y: 1, z: 1}
  m_Children:
  - {fileID: 1788553887}
  m_Father: {fileID: 1767588868}
  m_RootOrder: 0
  m_LocalEulerAnglesHint: {x: 0, y: 0, z: 0}
--- !u!144 &1568415093
CharacterJoint:
  m_ObjectHideFlags: 0
  m_CorrespondingSourceObject: {fileID: 0}
  m_PrefabInternal: {fileID: 0}
  m_GameObject: {fileID: 1568415091}
  m_ConnectedBody: {fileID: 1767588869}
  m_Anchor: {x: 0, y: 0, z: 0}
  m_Axis: {x: 0, y: 0, z: 1}
  m_AutoConfigureConnectedAnchor: 1
  m_ConnectedAnchor: {x: 0.37173414, y: -0.0019967854, z: 0.073036455}
  serializedVersion: 2
  m_SwingAxis: {x: 0, y: -1, z: 0}
  m_TwistLimitSpring:
    spring: 0
    damper: 0
  m_LowTwistLimit:
    limit: -80
    bounciness: 0
    contactDistance: 0
  m_HighTwistLimit:
    limit: 0
    bounciness: 0
    contactDistance: 0
  m_SwingLimitSpring:
    spring: 0
    damper: 0
  m_Swing1Limit:
    limit: 0
    bounciness: 0
    contactDistance: 0
  m_Swing2Limit:
    limit: 0
    bounciness: 0
    contactDistance: 0
  m_EnableProjection: 0
  m_ProjectionDistance: 0.1
  m_ProjectionAngle: 180
  m_BreakForce: Infinity
  m_BreakTorque: Infinity
  m_EnableCollision: 0
  m_EnablePreprocessing: 0
  m_MassScale: 1
  m_ConnectedMassScale: 1
--- !u!54 &1568415094
Rigidbody:
  m_ObjectHideFlags: 0
  m_CorrespondingSourceObject: {fileID: 0}
  m_PrefabInternal: {fileID: 0}
  m_GameObject: {fileID: 1568415091}
  serializedVersion: 2
  m_Mass: 1.875
  m_Drag: 0
  m_AngularDrag: 0.05
  m_UseGravity: 1
  m_IsKinematic: 0
  m_Interpolate: 0
  m_Constraints: 0
  m_CollisionDetection: 0
--- !u!136 &1568415095
CapsuleCollider:
  m_ObjectHideFlags: 0
  m_CorrespondingSourceObject: {fileID: 0}
  m_PrefabInternal: {fileID: 0}
  m_GameObject: {fileID: 1568415091}
  m_Material: {fileID: 0}
  m_IsTrigger: 0
  m_Enabled: 1
  m_Radius: 0.12613282
  m_Height: 0.50453126
  m_Direction: 0
  m_Center: {x: 0.25226563, y: 0, z: 0}
--- !u!1 &1614046870
GameObject:
  m_ObjectHideFlags: 0
  m_CorrespondingSourceObject: {fileID: 100090, guid: 320b1c2af77554f99a1658df4a6d3d5c,
    type: 3}
  m_PrefabInternal: {fileID: 1796776788}
  serializedVersion: 6
  m_Component:
  - component: {fileID: 1614046871}
  m_Layer: 0
  m_Name: Right_Toe_Joint_01
  m_TagString: Untagged
  m_Icon: {fileID: 0}
  m_NavMeshLayer: 0
  m_StaticEditorFlags: 0
  m_IsActive: 1
--- !u!4 &1614046871
Transform:
  m_ObjectHideFlags: 0
  m_CorrespondingSourceObject: {fileID: 400090, guid: 320b1c2af77554f99a1658df4a6d3d5c,
    type: 3}
  m_PrefabInternal: {fileID: 1796776788}
  m_GameObject: {fileID: 1614046870}
  m_LocalRotation: {x: 0.000000012219929, y: -0.000000004148106, z: -0.3214394, w: 0.94693017}
  m_LocalPosition: {x: 0.13787201, y: 0.00000006441087, z: -3.5527136e-17}
  m_LocalScale: {x: 1, y: 1, z: 1}
  m_Children: []
  m_Father: {fileID: 1788553887}
  m_RootOrder: 0
  m_LocalEulerAnglesHint: {x: 0, y: 0, z: 0}
--- !u!1 &1715028448
GameObject:
  m_ObjectHideFlags: 0
  m_CorrespondingSourceObject: {fileID: 100080, guid: 320b1c2af77554f99a1658df4a6d3d5c,
    type: 3}
  m_PrefabInternal: {fileID: 1796776788}
  serializedVersion: 6
  m_Component:
  - component: {fileID: 1715028449}
  m_Layer: 0
  m_Name: Right_Ring_Finger_Joint_01c
  m_TagString: Untagged
  m_Icon: {fileID: 0}
  m_NavMeshLayer: 0
  m_StaticEditorFlags: 0
  m_IsActive: 1
--- !u!4 &1715028449
Transform:
  m_ObjectHideFlags: 0
  m_CorrespondingSourceObject: {fileID: 400080, guid: 320b1c2af77554f99a1658df4a6d3d5c,
    type: 3}
  m_PrefabInternal: {fileID: 1796776788}
  m_GameObject: {fileID: 1715028448}
  m_LocalRotation: {x: -0.011060424, y: -0.000267697, z: -0.024194574, w: 0.99964607}
  m_LocalPosition: {x: 0.02170031, y: 0.00000020217867, z: -0.00000009377064}
  m_LocalScale: {x: 1, y: 1, z: 1}
  m_Children: []
  m_Father: {fileID: 845257510}
  m_RootOrder: 0
  m_LocalEulerAnglesHint: {x: 0, y: 0, z: 0}
--- !u!1 &1721750889
GameObject:
  m_ObjectHideFlags: 0
  m_CorrespondingSourceObject: {fileID: 100004, guid: 320b1c2af77554f99a1658df4a6d3d5c,
    type: 3}
  m_PrefabInternal: {fileID: 1796776788}
  serializedVersion: 6
  m_Component:
  - component: {fileID: 1721750890}
  m_Layer: 0
  m_Name: Left_Ankle_Joint_01
  m_TagString: Untagged
  m_Icon: {fileID: 0}
  m_NavMeshLayer: 0
  m_StaticEditorFlags: 0
  m_IsActive: 1
--- !u!4 &1721750890
Transform:
  m_ObjectHideFlags: 0
  m_CorrespondingSourceObject: {fileID: 400004, guid: 320b1c2af77554f99a1658df4a6d3d5c,
    type: 3}
  m_PrefabInternal: {fileID: 1796776788}
  m_GameObject: {fileID: 1721750889}
  m_LocalRotation: {x: 0.86925447, y: 0.49436495, z: 3.027112e-17, w: 5.3226485e-17}
  m_LocalPosition: {x: -0.43405014, y: -8.4273525e-18, z: -8.746468e-18}
  m_LocalScale: {x: 1, y: 1, z: 1}
  m_Children:
  - {fileID: 1977962417}
  m_Father: {fileID: 334035946}
  m_RootOrder: 0
  m_LocalEulerAnglesHint: {x: 0, y: 0, z: 0}
--- !u!1 &1767588867
GameObject:
  m_ObjectHideFlags: 0
  m_CorrespondingSourceObject: {fileID: 100084, guid: 320b1c2af77554f99a1658df4a6d3d5c,
    type: 3}
  m_PrefabInternal: {fileID: 1796776788}
  serializedVersion: 6
  m_Component:
  - component: {fileID: 1767588868}
  - component: {fileID: 1767588869}
  - component: {fileID: 1767588870}
  - component: {fileID: 1767588871}
  m_Layer: 0
  m_Name: Right_Thigh_Joint_01
  m_TagString: Untagged
  m_Icon: {fileID: 0}
  m_NavMeshLayer: 0
  m_StaticEditorFlags: 0
  m_IsActive: 1
--- !u!4 &1767588868
Transform:
  m_ObjectHideFlags: 0
  m_CorrespondingSourceObject: {fileID: 400084, guid: 320b1c2af77554f99a1658df4a6d3d5c,
    type: 3}
  m_PrefabInternal: {fileID: 1796776788}
  m_GameObject: {fileID: 1767588867}
  m_LocalRotation: {x: 0, y: 0, z: 0.9957005, w: -0.09263137}
  m_LocalPosition: {x: -0.1221335, y: 0.011331954, z: 0.0689056}
  m_LocalScale: {x: 1, y: 1, z: 1}
  m_Children:
  - {fileID: 1568415092}
  m_Father: {fileID: 635183099}
  m_RootOrder: 1
  m_LocalEulerAnglesHint: {x: 0, y: 0, z: 0}
--- !u!54 &1767588869
Rigidbody:
  m_ObjectHideFlags: 0
  m_CorrespondingSourceObject: {fileID: 0}
  m_PrefabInternal: {fileID: 0}
  m_GameObject: {fileID: 1767588867}
  serializedVersion: 2
  m_Mass: 1.875
  m_Drag: 0
  m_AngularDrag: 0.05
  m_UseGravity: 1
  m_IsKinematic: 0
  m_Interpolate: 0
  m_Constraints: 0
  m_CollisionDetection: 0
--- !u!144 &1767588870
CharacterJoint:
  m_ObjectHideFlags: 0
  m_CorrespondingSourceObject: {fileID: 0}
  m_PrefabInternal: {fileID: 0}
  m_GameObject: {fileID: 1767588867}
  m_ConnectedBody: {fileID: 1195399200}
  m_Anchor: {x: 0, y: 0, z: 0}
  m_Axis: {x: 0, y: 0, z: 1}
  m_AutoConfigureConnectedAnchor: 1
  m_ConnectedAnchor: {x: 0.15163237, y: -0.00050631166, z: -0.06890559}
  serializedVersion: 2
  m_SwingAxis: {x: 0, y: -1, z: 0}
  m_TwistLimitSpring:
    spring: 0
    damper: 0
  m_LowTwistLimit:
    limit: -20
    bounciness: 0
    contactDistance: 0
  m_HighTwistLimit:
    limit: 70
    bounciness: 0
    contactDistance: 0
  m_SwingLimitSpring:
    spring: 0
    damper: 0
  m_Swing1Limit:
    limit: 30
    bounciness: 0
    contactDistance: 0
  m_Swing2Limit:
    limit: 0
    bounciness: 0
    contactDistance: 0
  m_EnableProjection: 0
  m_ProjectionDistance: 0.1
  m_ProjectionAngle: 180
  m_BreakForce: Infinity
  m_BreakTorque: Infinity
  m_EnableCollision: 0
  m_EnablePreprocessing: 0
  m_MassScale: 1
  m_ConnectedMassScale: 1
--- !u!136 &1767588871
CapsuleCollider:
  m_ObjectHideFlags: 0
  m_CorrespondingSourceObject: {fileID: 0}
  m_PrefabInternal: {fileID: 0}
  m_GameObject: {fileID: 1767588867}
  m_Material: {fileID: 0}
  m_IsTrigger: 0
  m_Enabled: 1
  m_Radius: 0.111520246
  m_Height: 0.37173414
  m_Direction: 0
  m_Center: {x: 0.18586707, y: 0, z: 0}
--- !u!1 &1788553886
GameObject:
  m_ObjectHideFlags: 0
  m_CorrespondingSourceObject: {fileID: 100052, guid: 320b1c2af77554f99a1658df4a6d3d5c,
    type: 3}
  m_PrefabInternal: {fileID: 1796776788}
  serializedVersion: 6
  m_Component:
  - component: {fileID: 1788553887}
  m_Layer: 0
  m_Name: Right_Ankle_Joint_01
  m_TagString: Untagged
  m_Icon: {fileID: 0}
  m_NavMeshLayer: 0
  m_StaticEditorFlags: 0
  m_IsActive: 1
--- !u!4 &1788553887
Transform:
  m_ObjectHideFlags: 0
  m_CorrespondingSourceObject: {fileID: 400052, guid: 320b1c2af77554f99a1658df4a6d3d5c,
    type: 3}
  m_PrefabInternal: {fileID: 1796776788}
  m_GameObject: {fileID: 1788553886}
  m_LocalRotation: {x: 0, y: -0, z: -0.49436495, w: 0.86925447}
  m_LocalPosition: {x: 0.43404976, y: 0.00000007899868, z: -1.7763568e-17}
  m_LocalScale: {x: 1, y: 1, z: 1}
  m_Children:
  - {fileID: 1614046871}
  m_Father: {fileID: 1568415092}
  m_RootOrder: 0
  m_LocalEulerAnglesHint: {x: 0, y: 0, z: 0}
--- !u!1001 &1796776788
Prefab:
  m_ObjectHideFlags: 0
  serializedVersion: 2
  m_Modification:
    m_TransformParent: {fileID: 0}
    m_Modifications:
    - target: {fileID: 400096, guid: 320b1c2af77554f99a1658df4a6d3d5c, type: 3}
      propertyPath: m_LocalPosition.x
      value: 1.983861
      objectReference: {fileID: 0}
    - target: {fileID: 400096, guid: 320b1c2af77554f99a1658df4a6d3d5c, type: 3}
      propertyPath: m_LocalPosition.y
      value: -0.008767128
      objectReference: {fileID: 0}
    - target: {fileID: 400096, guid: 320b1c2af77554f99a1658df4a6d3d5c, type: 3}
      propertyPath: m_LocalPosition.z
      value: -1.6232386
      objectReference: {fileID: 0}
    - target: {fileID: 400096, guid: 320b1c2af77554f99a1658df4a6d3d5c, type: 3}
      propertyPath: m_LocalRotation.x
      value: 0
      objectReference: {fileID: 0}
    - target: {fileID: 400096, guid: 320b1c2af77554f99a1658df4a6d3d5c, type: 3}
      propertyPath: m_LocalRotation.y
      value: 0
      objectReference: {fileID: 0}
    - target: {fileID: 400096, guid: 320b1c2af77554f99a1658df4a6d3d5c, type: 3}
      propertyPath: m_LocalRotation.z
      value: 0
      objectReference: {fileID: 0}
    - target: {fileID: 400096, guid: 320b1c2af77554f99a1658df4a6d3d5c, type: 3}
      propertyPath: m_LocalRotation.w
      value: 1
      objectReference: {fileID: 0}
    - target: {fileID: 400096, guid: 320b1c2af77554f99a1658df4a6d3d5c, type: 3}
      propertyPath: m_RootOrder
      value: 1
      objectReference: {fileID: 0}
    m_RemovedComponents: []
  m_SourcePrefab: {fileID: 100100000, guid: 320b1c2af77554f99a1658df4a6d3d5c, type: 3}
  m_RootGameObject: {fileID: 5933768}
  m_IsPrefabAsset: 0
--- !u!1 &1797773796
GameObject:
  m_ObjectHideFlags: 0
  m_CorrespondingSourceObject: {fileID: 100032, guid: 320b1c2af77554f99a1658df4a6d3d5c,
    type: 3}
  m_PrefabInternal: {fileID: 1796776788}
  serializedVersion: 6
  m_Component:
  - component: {fileID: 1797773797}
  m_Layer: 0
  m_Name: Left_Ring_Finger_Joint_01c
  m_TagString: Untagged
  m_Icon: {fileID: 0}
  m_NavMeshLayer: 0
  m_StaticEditorFlags: 0
  m_IsActive: 1
--- !u!4 &1797773797
Transform:
  m_ObjectHideFlags: 0
  m_CorrespondingSourceObject: {fileID: 400032, guid: 320b1c2af77554f99a1658df4a6d3d5c,
    type: 3}
  m_PrefabInternal: {fileID: 1796776788}
  m_GameObject: {fileID: 1797773796}
  m_LocalRotation: {x: -0.011060424, y: -0.000267697, z: -0.024194574, w: 0.99964607}
  m_LocalPosition: {x: -0.021700656, y: -6.477451e-17, z: 8.274631e-18}
  m_LocalScale: {x: 1, y: 1, z: 1}
  m_Children: []
  m_Father: {fileID: 1516487181}
  m_RootOrder: 0
  m_LocalEulerAnglesHint: {x: 0, y: 0, z: 0}
--- !u!1 &1860023428
GameObject:
  m_ObjectHideFlags: 0
  m_CorrespondingSourceObject: {fileID: 100018, guid: 320b1c2af77554f99a1658df4a6d3d5c,
    type: 3}
  m_PrefabInternal: {fileID: 1796776788}
  serializedVersion: 6
  m_Component:
  - component: {fileID: 1860023429}
  m_Layer: 0
  m_Name: Left_Middle_Finger_Joint_01b
  m_TagString: Untagged
  m_Icon: {fileID: 0}
  m_NavMeshLayer: 0
  m_StaticEditorFlags: 0
  m_IsActive: 1
--- !u!4 &1860023429
Transform:
  m_ObjectHideFlags: 0
  m_CorrespondingSourceObject: {fileID: 400018, guid: 320b1c2af77554f99a1658df4a6d3d5c,
    type: 3}
  m_PrefabInternal: {fileID: 1796776788}
  m_GameObject: {fileID: 1860023428}
  m_LocalRotation: {x: 0.0006498135, y: 0.00044095775, z: 0.010304517, w: 0.9999466}
  m_LocalPosition: {x: -0.044052828, y: 2.220446e-18, z: 1.3147821e-18}
  m_LocalScale: {x: 1, y: 1, z: 1}
  m_Children:
  - {fileID: 552436645}
  m_Father: {fileID: 488704653}
  m_RootOrder: 0
  m_LocalEulerAnglesHint: {x: 0, y: 0, z: 0}
--- !u!1 &1893752174
GameObject:
  m_ObjectHideFlags: 0
  m_CorrespondingSourceObject: {fileID: 100038, guid: 320b1c2af77554f99a1658df4a6d3d5c,
    type: 3}
  m_PrefabInternal: {fileID: 1796776788}
  serializedVersion: 6
  m_Component:
  - component: {fileID: 1893752175}
  m_Layer: 0
  m_Name: Left_Thumb_Joint_01a
  m_TagString: Untagged
  m_Icon: {fileID: 0}
  m_NavMeshLayer: 0
  m_StaticEditorFlags: 0
  m_IsActive: 1
--- !u!4 &1893752175
Transform:
  m_ObjectHideFlags: 0
  m_CorrespondingSourceObject: {fileID: 400038, guid: 320b1c2af77554f99a1658df4a6d3d5c,
    type: 3}
  m_PrefabInternal: {fileID: 1796776788}
  m_GameObject: {fileID: 1893752174}
  m_LocalRotation: {x: 0.42036253, y: 0.37180415, z: -0.08352769, w: 0.8234563}
  m_LocalPosition: {x: -0.046887316, y: -0.004865311, z: 0.046988335}
  m_LocalScale: {x: 1, y: 1, z: 1}
  m_Children:
  - {fileID: 222051182}
  m_Father: {fileID: 1319778661}
  m_RootOrder: 4
  m_LocalEulerAnglesHint: {x: 0, y: 0, z: 0}
--- !u!1 &1977962416
GameObject:
  m_ObjectHideFlags: 0
  m_CorrespondingSourceObject: {fileID: 100042, guid: 320b1c2af77554f99a1658df4a6d3d5c,
    type: 3}
  m_PrefabInternal: {fileID: 1796776788}
  serializedVersion: 6
  m_Component:
  - component: {fileID: 1977962417}
  m_Layer: 0
  m_Name: Left_Toe_Joint_01
  m_TagString: Untagged
  m_Icon: {fileID: 0}
  m_NavMeshLayer: 0
  m_StaticEditorFlags: 0
  m_IsActive: 1
--- !u!4 &1977962417
Transform:
  m_ObjectHideFlags: 0
  m_CorrespondingSourceObject: {fileID: 400042, guid: 320b1c2af77554f99a1658df4a6d3d5c,
    type: 3}
  m_PrefabInternal: {fileID: 1796776788}
  m_GameObject: {fileID: 1977962416}
  m_LocalRotation: {x: -0.22729197, y: -0.66958076, z: -0.22729197, w: 0.66958076}
  m_LocalPosition: {x: -0.13787192, y: -2.6645352e-17, z: 3.5527136e-17}
  m_LocalScale: {x: 1, y: 1, z: 1}
  m_Children: []
  m_Father: {fileID: 1721750890}
  m_RootOrder: 0
  m_LocalEulerAnglesHint: {x: 0, y: 0, z: 0}
--- !u!1 &2122533797
GameObject:
  m_ObjectHideFlags: 0
  m_CorrespondingSourceObject: {fileID: 100064, guid: 320b1c2af77554f99a1658df4a6d3d5c,
    type: 3}
  m_PrefabInternal: {fileID: 1796776788}
  serializedVersion: 6
  m_Component:
  - component: {fileID: 2122533798}
  m_Layer: 0
  m_Name: Right_Middle_Finger_Joint_01a
  m_TagString: Untagged
  m_Icon: {fileID: 0}
  m_NavMeshLayer: 0
  m_StaticEditorFlags: 0
  m_IsActive: 1
--- !u!4 &2122533798
Transform:
  m_ObjectHideFlags: 0
  m_CorrespondingSourceObject: {fileID: 400064, guid: 320b1c2af77554f99a1658df4a6d3d5c,
    type: 3}
  m_PrefabInternal: {fileID: 1796776788}
  m_GameObject: {fileID: 2122533797}
  m_LocalRotation: {x: 0.010496695, y: 0.008789492, z: 0.0007846789, w: 0.999906}
  m_LocalPosition: {x: 0.07144747, y: -0.013888802, z: -0.0063472134}
  m_LocalScale: {x: 1, y: 1, z: 1}
  m_Children:
  - {fileID: 844781526}
  m_Father: {fileID: 1335252707}
  m_RootOrder: 1
  m_LocalEulerAnglesHint: {x: 0, y: 0, z: 0}
